Date	attr_Symbol_index	asof_timestamp	synthetic	id	eventType	Symbol	BidPrc1	BidPrc2	BidPrc3	BidPrc4	BidPrc5	BidQty1	BidQty2	BidQty3	BidQty4	BidQty5	AskPrc1	AskPrc2	AskPrc3	AskPrc4	AskPrc5	AskQty1	AskQty2	AskQty3	AskQty4	AskQty5	BidCnt1	BidCnt2	BidCnt3	BidCnt4	BidCnt5	AskCnt1	AskCnt2	AskCnt3	AskCnt4	AskCnt5	left_timestamp
20150918	1	9731847	0	1977692	1	GEM6.Z7	91.5	91	90.5	\N	\N	14	844	927	\N	\N	92	92.5	\N	\N	\N	351	1482	\N	\N	\N	1	5	2	\N	\N	2	5	\N	\N	\N	9731451
20150918	1	12055846	0	2955934	1	GEM6.Z7	92	91.5	91	\N	\N	2003	1134	10	\N	\N	92.5	93	93.5	95	\N	2	3383	816	25	\N	4	5	1	\N	\N	2	4	1	\N	\N	12055803
20150918	1	15574087	0	4129701	1	GEM6.Z7	91.5	91	90.5	\N	\N	154	1215	25	\N	\N	92.5	93	93.5	\N	\N	11	757	566	\N	\N	2	6	1	\N	\N	3	1	1	\N	\N	15574047
20150918	1	17775227	0	4840563	1	GEM6.Z7	91	90.5	\N	\N	\N	1157	3351	\N	\N	\N	91.5	92	92.5	93	93.5	6	270	3137	3	25	9	1	\N	\N	\N	1	3	3	1	1	17774980
20150918	1	17775277	0	4840876	1	GEM6.Z7	91	90.5	\N	\N	\N	1239	3351	\N	\N	\N	91.5	92	92.5	93	93.5	6	269	3137	3	25	9	1	\N	\N	\N	1	3	3	1	1	17775233
20150918	1	21603505	0	6006588	1	GEM6.Z7	90.5	90	89.5	\N	\N	50	721	932	\N	\N	91.5	92	93.5	\N	\N	1166	1553	25	\N	\N	9	1	\N	\N	\N	5	1	\N	\N	\N	21603505
20150918	1	21603506	0	6006588	1	GEM6.Z7	90.5	90	89.5	\N	\N	50	721	932	\N	\N	91.5	92	93.5	\N	\N	1166	1553	25	\N	\N	9	1	\N	\N	\N	5	1	\N	\N	\N	21603505
20150918	1	21605654	0	6011130	1	GEM6.Z7	90.5	90	89.5	89	\N	12	1081	524	5	\N	91	91.5	92	\N	\N	479	1336	25	\N	\N	5	1	1	\N	\N	4	1	\N	\N	\N	21605508
20150918	1	21623404	0	6022871	1	GEM6.Z7	90	89.5	89	\N	\N	1090	171	5	\N	\N	90.5	91	91.5	92	\N	6	580	537	25	\N	2	1	1	\N	\N	1	2	1	\N	\N	21623357
20150918	1	22420254	0	6250831	1	GEM6.Z7	90	89.5	\N	\N	\N	1897	668	\N	\N	\N	90.5	91	91.5	92	\N	10	261	760	25	\N	7	1	\N	\N	\N	2	5	1	\N	\N	22420216
20150918	1	22437904	0	6257093	1	GEM6.Z7	90	89.5	\N	\N	\N	1974	693	\N	\N	\N	90.5	91	91.5	92	\N	1	1023	760	25	\N	8	1	\N	\N	\N	1	5	1	\N	\N	22437864
20150918	1	23773365	0	6660884	1	GEM6.Z7	89	88.5	88	\N	\N	24	2653	765	\N	\N	89.5	90	90.5	92	\N	27	366	3	25	\N	6	1	\N	\N	\N	1	4	3	1	\N	23773365
20150918	1	26764316	0	8108170	1	GEM6.Z7	90	89.5	89	88.5	\N	2544	537	5	25	\N	91	91.5	92	\N	\N	5167	519	25	\N	\N	5	5	1	1	\N	5	1	\N	\N	\N	26763619
20150918	1	29516051	0	9881025	1	GEM6.Z7	90	89.5	88.5	\N	\N	1368	2833	25	\N	\N	90.5	91	91.5	92	\N	1	205	984	25	\N	4	2	1	\N	\N	1	8	4	1	\N	29515156
20150918	1	29658301	0	9967557	1	GEM6.Z7	90	89.5	88.5	\N	\N	1673	2771	25	\N	\N	90.5	91	91.5	92	\N	10	45	904	25	\N	4	2	1	\N	\N	1	7	3	1	\N	29657111
20150918	1	29730213	0	10011410	1	GEM6.Z7	90	89.5	88.5	\N	\N	1619	2190	25	\N	\N	90.5	91	91.5	92	\N	10	188	1008	25	\N	5	2	1	\N	\N	1	8	3	1	\N	29730158
20150918	1	31100643	0	11077477	1	GEM6.Z7	91	90.5	90	88.5	\N	41	858	10	50	\N	91.5	92	92.5	\N	\N	89	4143	814	\N	\N	10	1	2	\N	\N	9	2	\N	\N	\N	31100602
20150918	1	31115543	0	11091085	1	GEM6.Z7	90.5	90	88.5	\N	\N	91	4110	50	\N	\N	91.5	92	\N	\N	\N	185	4401	\N	\N	\N	10	1	2	\N	\N	9	2	\N	\N	\N	31114196
20150918	1	31617493	0	11439710	1	GEM6.Z7	90.5	90	88.5	\N	\N	488	3840	50	\N	\N	91	91.5	92	93	93.5	10	1232	2879	45	25	11	1	2	\N	\N	2	5	1	2	1	31616200
20150918	1	33652256	0	12871112	1	GEM6.Z7	91.5	91	90.5	90	\N	1	157	936	50	\N	92	92.5	93	93.5	\N	151	1464	45	25	\N	1	5	1	2	\N	4	3	2	1	\N	33652202
20150918	1	33995094	0	13078923	1	GEM6.Z7	92	91.5	\N	\N	\N	3399	628	\N	\N	\N	92.5	93	93.5	94.5	95	30	869	635	45	25	8	6	\N	\N	\N	2	1	2	1	\N	33995047
20150918	1	40942571	0	16973074	1	GEM6.Z7	91.5	91	90.5	90	\N	4	2376	357	50	\N	92	92.5	93	93.5	\N	2811	675	45	25	\N	1	9	1	2	\N	8	2	2	1	\N	40942503
20150918	1	43004279	0	17767457	1	GEM6.Z7	91	90.5	90	\N	\N	1	2463	471	\N	\N	91.5	92	92.5	93	93.5	2983	416	3	45	25	1	6	2	\N	\N	8	2	1	2	1	43004233
20150918	1	49289054	0	20511423	1	GEM6.Z7	90.5	90	89.5	88.5	\N	1324	2711	10	25	\N	91	91.5	92	93	93.5	64	351	3689	45	25	10	1	1	1	\N	1	5	2	1	\N	49288905
20150918	1	49293354	0	20513649	1	GEM6.Z7	91	90.5	90	89.5	88.5	32	1292	25	10	25	91.5	92	92.5	93	93.5	54	3743	390	45	25	10	1	1	1	\N	7	2	1	\N	\N	49293308
20150918	1	50156154	0	20784346	1	GEM6.Z7	91	90.5	90	\N	\N	481	4407	50	\N	\N	91.5	92	92.5	93	93.5	72	244	736	45	25	6	4	2	\N	\N	2	3	2	1	\N	50155059
20150918	1	57588979	0	22169435	1	GEM6.Z7	91	90.5	90	\N	\N	862	226	25	\N	\N	91.5	92	92.5	93	93.5	1	94	265	20	25	5	1	\N	\N	\N	1	4	1	1	\N	57588636
20150918	1	57594229	0	22170693	1	GEM6.Z7	91	90.5	90	\N	\N	554	534	25	\N	\N	91.5	92	92.5	93	93.5	1	94	265	20	25	5	1	\N	\N	\N	1	4	1	1	\N	57594082
20150918	1	57599479	0	22172505	1	GEM6.Z7	91	90.5	90	\N	\N	615	473	25	\N	\N	91.5	92	92.5	93	93.5	1	26	434	215	25	5	1	\N	\N	\N	1	4	1	1	\N	57599281
20150918	2	279814	0	13848	1	GEZ7	9840	9839.5	9839	9838.5	9838	35	4385	273	224	166	9840.5	9841	9841.5	9842	9842.5	2055	6351	326	257	186	5	29	20	20	16	31	24	25	17	13	277565
20150918	2	683614	0	26811	1	GEZ7	9840	9839.5	9839	9838.5	9838	9	4207	273	224	191	9840.5	9841	9841.5	9842	9842.5	2228	6241	317	257	186	2	31	20	20	17	30	23	24	17	13	682415
20150918	2	689414	0	28214	1	GEZ7	9839.5	9839	9838.5	9838	9837.5	3961	6572	277	191	162	9840	9840.5	9841	9841.5	9842	44	2456	6117	317	257	33	21	23	17	14	2	30	22	24	17	689317
20150918	2	813514	0	34300	1	GEZ7	9839.5	9839	9838.5	9838	9837.5	4292	6473	278	200	171	9840	9840.5	9841	9841.5	9842	20	2578	5820	326	266	41	22	23	18	15	2	31	23	25	18	810516
20150918	2	827814	0	34513	1	GEZ7	9839.5	9839	9838.5	9838	9837.5	4291	6474	278	200	171	9840	9840.5	9841	9841.5	9842	19	2578	5813	326	266	40	22	23	18	15	2	31	22	25	18	825515
20150918	2	919264	0	37139	1	GEZ7	9839.5	9839	9838.5	9838	9837.5	4438	6365	278	200	171	9840	9840.5	9841	9841.5	9842	3	2533	5703	326	266	41	22	23	18	15	2	30	23	25	18	919217
20150918	2	1443064	0	62451	1	GEZ7	9839.5	9839	9838.5	9838	9837.5	2926	6467	273	187	162	9840	9840.5	9841	9841.5	9842	82	2825	620	298	224	38	22	23	16	14	3	22	26	21	14	1439865
20150918	2	1452914	0	62761	1	GEZ7	9839.5	9839	9838.5	9838	9837.5	2964	6437	273	187	162	9840	9840.5	9841	9841.5	9842	82	2824	620	298	224	40	22	23	16	14	3	22	26	21	14	1450415
20150918	2	1685421	0	72260	1	GEZ7	9840	9839.5	9839	9838.5	9838	19	3941	6316	273	172	9840.5	9841	9841.5	9842	9842.5	1814	5649	328	239	182	3	35	21	23	15	25	27	24	15	12	1683265
20150918	2	2167616	0	90685	1	GEZ7	9839.5	9839	9838.5	9838	9837.5	3154	6723	273	187	162	9840	9840.5	9841	9841.5	9842	22	2487	620	328	239	43	22	23	16	14	1	28	26	24	15	2164564
20150918	2	2595263	0	113666	1	GEZ7	9840	9839.5	9839	9838.5	9838	85	5264	5441	249	176	9840.5	9841	9841.5	9842	9842.5	1609	6977	331	243	186	3	30	20	21	16	31	23	25	16	13	2595220
20150918	2	2595413	0	113731	1	GEZ7	9840	9839.5	9839	9838.5	9838	80	5254	5441	249	176	9840.5	9841	9841.5	9842	9842.5	1604	6991	331	243	186	3	30	20	21	16	30	23	25	16	13	2595316
20150918	2	3645513	0	205461	1	GEZ7	9839.5	9839	9838.5	9838	9837.5	2056	8146	344	227	176	9840	9840.5	9841	9841.5	9842	639	7411	716	334	203	27	33	23	17	16	22	26	29	22	14	3645265
20150918	2	4179713	0	292274	1	GEZ7	9839.5	9839	9838.5	9838	9837.5	151	10484	6545	268	228	9840	9840.5	9841	9841.5	9842	3194	9862	720	329	230	9	37	21	20	18	40	28	31	20	15	4179671
20150918	2	4194313	0	294824	1	GEZ7	9839.5	9839	9838.5	9838	9837.5	77	9872	6410	263	254	9840	9840.5	9841	9841.5	9842	3552	10265	708	325	230	6	36	21	19	18	43	33	28	19	15	4194267
20150918	2	4244513	0	307018	1	GEZ7	9839.5	9839	9838.5	9838	9837.5	15	8102	5169	346	279	9840	9840.5	9841	9841.5	9842	4075	10345	723	325	230	1	43	21	22	19	47	33	30	19	15	4244320
20150918	2	4308264	0	316754	1	GEZ7	9839.5	9839	9838.5	9838	9837.5	127	9791	6324	346	279	9840	9840.5	9841	9841.5	9842	4150	9774	713	325	230	2	44	21	22	19	46	31	29	19	15	4305772
20150918	2	4318163	0	320521	1	GEZ7	9839.5	9839	9838.5	9838	9837.5	100	8971	6548	346	279	9840	9840.5	9841	9841.5	9842	4730	9663	713	325	230	1	44	21	22	19	46	31	29	19	15	4318018
20150918	2	4369563	0	328231	1	GEZ7	9839.5	9839	9838.5	9838	9837.5	44	8601	7206	346	279	9840	9840.5	9841	9841.5	9842	5126	9205	713	325	230	1	44	21	22	19	47	31	29	19	15	4366514
20150918	2	4369615	0	328656	1	GEZ7	9839.5	9839	9838.5	9838	9837.5	33	7677	7116	346	279	9840	9840.5	9841	9841.5	9842	5400	9219	702	310	230	1	44	21	22	19	46	30	28	18	15	4369576
20150918	2	4912416	0	439699	1	GEZ7	9839	9838.5	9838	9837.5	9837	4616	11850	336	254	186	9839.5	9840	9840.5	9841	9841.5	332	7928	350	650	285	46	24	22	18	15	34	34	28	26	17	4912377
20150918	2	4912464	0	439874	1	GEZ7	9839	9838.5	9838	9837.5	9837	6072	12387	336	258	186	9839.5	9840	9840.5	9841	9841.5	215	5017	334	662	304	46	25	22	19	15	23	36	24	29	19	4912436
20150918	2	4923064	0	442838	1	GEZ7	9839	9838.5	9838	9837.5	9837	8434	12188	341	263	176	9839.5	9840	9840.5	9841	9841.5	148	4533	12263	662	329	51	24	23	19	14	21	36	25	29	20	4922115
20150918	2	5009514	0	460148	1	GEZ7	9839.5	9839	9838.5	9838	9837.5	308	10243	6731	278	218	9840	9840.5	9841	9841.5	9842	3695	10951	701	329	245	19	40	21	20	18	41	27	31	20	16	5008765
20150918	2	5011266	0	460558	1	GEZ7	9839.5	9839	9838.5	9838	9837.5	63	9539	6834	278	243	9840	9840.5	9841	9841.5	9842	3990	11316	701	329	245	7	42	21	20	19	41	28	31	20	16	5011215
20150918	2	5042414	0	465441	1	GEZ7	9839.5	9839	9838.5	9838	9837.5	451	10370	6999	268	218	9840	9840.5	9841	9841.5	9842	3141	11564	683	321	245	19	42	22	19	18	40	27	30	21	16	5040717
20150918	2	5069314	0	469742	1	GEZ7	9839.5	9839	9838.5	9838	9837.5	257	10303	6810	268	243	9840	9840.5	9841	9841.5	9842	3942	12153	683	321	245	12	40	22	19	19	41	27	30	21	16	5068617
20150918	2	5240414	0	488792	1	GEZ7	9839.5	9839	9838.5	9838	9837.5	3680	8674	328	273	204	9840	9840.5	9841	9841.5	9842	453	7168	684	333	241	39	32	24	19	16	24	36	30	24	15	5240366
20150918	2	5269922	0	491718	1	GEZ7	9839.5	9839	9838.5	9838	9837.5	5994	7805	332	277	204	9840	9840.5	9841	9841.5	9842	28	4181	704	336	317	41	28	24	20	16	3	36	28	25	20	5269877
20150918	2	5275664	0	494038	1	GEZ7	9840	9839.5	9839	9838.5	9838	85	7509	7663	328	273	9840.5	9841	9841.5	9842	9842.5	2999	9055	375	317	305	4	40	27	24	19	44	32	27	20	16	5275565
20150918	2	5276964	0	494759	1	GEZ7	9839.5	9839	9838.5	9838	9837.5	6564	7911	332	277	204	9840	9840.5	9841	9841.5	9842	2	3844	8975	375	317	42	26	24	20	16	1	45	30	27	20	5276915
20150918	2	5639214	0	572810	1	GEZ7	9839.5	9839	9838.5	9838	9837.5	9	7894	309	304	269	9840	9840.5	9841	9841.5	9842	4111	9054	710	316	245	2	43	21	21	19	41	37	30	20	16	5638365
20150918	2	5639264	0	572888	1	GEZ7	9839.5	9839	9838.5	9838	9837.5	11	7287	6071	304	269	9840	9840.5	9841	9841.5	9842	5055	8809	710	316	245	1	43	22	21	19	41	37	30	20	16	5639217
20150918	2	5639331	0	572993	1	GEZ7	9839	9838.5	9838	9837.5	9837	6400	6128	339	269	196	9839.5	9840	9840.5	9841	9841.5	60	5810	8025	688	302	38	28	22	19	15	1	40	33	27	18	5639268
20150918	2	5778614	0	608084	1	GEZ7	9839	9838.5	9838	9837.5	9837	5042	8171	339	269	210	9839.5	9840	9840.5	9841	9841.5	55	5259	7943	649	302	38	30	22	19	17	2	34	28	25	18	5778576
20150918	2	5853364	0	625480	1	GEZ7	9839	9838.5	9838	9837.5	9837	5505	7070	339	269	210	9839.5	9840	9840.5	9841	9841.5	43	5411	8558	651	306	41	29	22	19	17	2	32	29	25	19	5853265
20150918	2	5853446	0	625591	1	GEZ7	9839	9838.5	9838	9837.5	9837	6358	7003	339	269	210	9839.5	9840	9840.5	9841	9841.5	33	4480	8774	649	302	42	28	22	19	17	1	32	28	25	18	5853377
20150918	2	5899265	0	634872	1	GEZ7	9839.5	9839	9838.5	9838	9837.5	41	8088	312	277	269	9840	9840.5	9841	9841.5	9842	4052	10264	690	302	245	2	44	23	20	19	38	29	28	18	16	5899265
20150918	2	5908114	0	637914	1	GEZ7	9839.5	9839	9838.5	9838	9837.5	15	5374	6779	312	269	9840	9840.5	9841	9841.5	9842	4182	10807	686	306	241	1	41	26	21	19	40	31	26	19	15	5908067
20150918	2	5951364	0	648832	1	GEZ7	9839.5	9839	9838.5	9838	9837.5	234	8616	312	277	244	9840	9840.5	9841	9841.5	9842	2314	10451	690	302	245	11	48	23	20	18	38	29	28	18	16	5951066
20150918	2	6199064	0	692703	1	GEZ7	9839	9838.5	9838	9837.5	9837	6658	6312	329	279	210	9839.5	9840	9840.5	9841	9841.5	15	5106	9552	686	306	40	27	21	20	17	1	41	28	26	19	6189316
20150918	2	6227914	0	698086	1	GEZ7	9839.5	9839	9838.5	9838	9837.5	34	8493	6492	339	269	9840	9840.5	9841	9841.5	9842	3315	10178	689	302	245	2	47	22	22	19	39	29	27	18	16	6224066
20150918	2	6228564	0	698648	1	GEZ7	9839	9838.5	9838	9837.5	9837	8547	6500	339	269	191	9839.5	9840	9840.5	9841	9841.5	15	3185	10262	689	302	47	23	22	19	15	1	40	26	27	18	6228065
20150918	2	6738902	0	787914	1	GEZ7	9839	9838.5	9838	9837.5	9837	418	14757	369	318	276	9839.5	9840	9840.5	9841	9841.5	6669	15610	645	655	284	9	41	22	21	18	39	29	27	23	17	6738507
20150918	2	6767202	0	794085	1	GEZ7	9839	9838.5	9838	9837.5	9837	11	13091	7610	318	301	9839.5	9840	9840.5	9841	9841.5	8976	17468	645	655	284	2	41	22	21	19	38	29	27	23	17	6767161
20150918	2	6767502	0	794595	1	GEZ7	9838.5	9838	9837.5	9837	9836.5	10510	7653	353	301	286	9839.5	9840	9840.5	9841	9841.5	7232	15186	650	655	284	43	24	22	19	14	40	26	28	23	17	6767457
20150918	2	6824002	0	803764	1	GEZ7	9839	9838.5	9838	9837.5	9837	5	10932	8060	353	301	9839.5	9840	9840.5	9841	9841.5	11887	19033	650	655	284	1	51	23	22	19	40	29	28	23	17	6823954
20150918	2	6898852	0	830221	1	GEZ7	9839	9838.5	9838	9837.5	9837	45	13828	369	383	301	9839.5	9840	9840.5	9841	9841.5	8603	23428	653	655	284	1	50	22	23	19	39	29	28	23	17	6897853
20150918	2	6906652	0	834203	1	GEZ7	9838.5	9838	9837.5	9837	9836.5	11950	12720	383	301	306	9839.5	9840	9840.5	9841	9841.5	9047	23312	653	655	284	51	24	23	19	16	40	29	28	23	17	6906554
20150918	2	6906653	0	834203	1	GEZ7	9838.5	9838	9837.5	9837	9836.5	11950	12720	383	301	306	9839.5	9840	9840.5	9841	9841.5	9047	23312	653	655	284	51	24	23	19	16	40	29	28	23	17	6906554
20150918	2	6931457	0	844166	1	GEZ7	9838.5	9838	9837.5	9837	9836.5	14828	11491	383	305	310	9839	9839.5	9840	9840.5	9841	2	7785	21623	660	659	50	25	23	20	17	1	37	25	30	24	6931304
20150918	2	7074903	0	893816	1	GEZ7	9839	9838.5	9838	9837.5	9837	10768	14005	384	375	236	9839.5	9840	9840.5	9841	9841.5	35	7314	650	701	346	49	28	24	23	16	4	33	27	29	20	7074856
20150918	2	7086112	0	898077	1	GEZ7	9839.5	9839	9838.5	9838	9837.5	15	16213	7115	357	321	9840	9840.5	9841	9841.5	9842	8435	18577	741	346	307	2	46	24	23	21	40	29	31	20	17	7086060
20150918	2	7113557	0	910681	1	GEZ7	9839	9838.5	9838	9837.5	9837	12850	9265	367	348	209	9839.5	9840	9840.5	9841	9841.5	10	5530	9712	741	346	49	27	24	22	15	1	39	26	31	20	7113506
20150918	2	7175604	0	928000	1	GEZ7	9839.5	9839	9838.5	9838	9837.5	29	15523	8629	349	348	9840	9840.5	9841	9841.5	9842	5590	17272	741	346	307	4	47	25	23	22	39	29	31	20	17	7175553
20150918	2	7201252	0	934116	1	GEZ7	9839	9838.5	9838	9837.5	9837	15730	9345	399	375	221	9839.5	9840	9840.5	9841	9841.5	89	16130	7491	741	311	48	28	25	23	15	6	36	26	31	19	7200304
20150918	2	7205702	0	939190	1	GEZ7	9839.5	9839	9838.5	9838	9837.5	24	8999	5984	349	353	9840	9840.5	9841	9841.5	9842	8603	8875	744	351	297	3	48	25	23	22	38	30	32	20	16	7205662
20150918	2	7205902	0	939354	1	GEZ7	9839.5	9839	9838.5	9838	9837.5	23	8698	6059	349	353	9840	9840.5	9841	9841.5	9842	8886	8814	744	351	297	3	48	25	23	22	38	30	32	20	16	7205856
20150918	2	7206002	0	939491	1	GEZ7	9839.5	9839	9838.5	9838	9837.5	20	8473	6059	349	353	9840	9840.5	9841	9841.5	9842	8975	8772	744	351	297	2	48	25	23	22	38	30	32	20	16	7205957
20150918	2	7206052	0	939593	1	GEZ7	9839.5	9839	9838.5	9838	9837.5	16	8418	6059	349	353	9840	9840.5	9841	9841.5	9842	9019	8772	744	351	297	2	48	25	23	22	38	30	32	20	16	7206010
20150918	2	7225252	0	955357	1	GEZ7	9839.5	9839	9838.5	9838	9837.5	95	18757	8295	345	353	9840	9840.5	9841	9841.5	9842	9587	8868	744	351	297	5	47	25	22	22	39	28	32	20	16	7225204
20150918	2	7227302	0	957224	1	GEZ7	9839	9838.5	9838	9837.5	9837	14112	8591	399	380	241	9839.5	9840	9840.5	9841	9841.5	116	9679	7869	717	311	45	28	25	23	16	7	42	26	31	19	7227254
20150918	2	7227368	0	957237	1	GEZ7	9839	9838.5	9838	9837.5	9837	14334	8570	399	380	241	9839.5	9840	9840.5	9841	9841.5	49	8906	7919	744	311	45	28	25	23	16	3	42	26	32	19	7227304
20150918	2	7230402	0	959080	1	GEZ7	9839.5	9839	9838.5	9838	9837.5	105	17211	6496	385	353	9840	9840.5	9841	9841.5	9842	12918	8129	744	311	314	6	48	25	23	22	39	28	32	19	16	7230303
20150918	2	7279802	0	975734	1	GEZ7	9839	9838.5	9838	9837.5	9837	19698	5815	399	380	240	9839.5	9840	9840.5	9841	9841.5	5	14390	7051	744	311	49	28	25	23	15	1	42	26	32	19	7279755
20150918	2	7486053	0	1046036	1	GEZ7	9839.5	9839	9838.5	9838	9837.5	10926	17045	391	317	247	9840	9840.5	9841	9841.5	9842	1112	13082	721	331	314	47	31	25	21	17	17	35	26	24	16	7485904
20150918	2	7486602	0	1046451	1	GEZ7	9839.5	9839	9838.5	9838	9837.5	11625	15181	391	317	247	9840	9840.5	9841	9841.5	9842	525	11549	721	331	314	48	29	25	21	17	15	36	26	24	16	7486555
20150918	2	7486660	0	1046496	1	GEZ7	9839.5	9839	9838.5	9838	9837.5	12407	11509	381	317	247	9840	9840.5	9841	9841.5	9842	173	11006	721	398	361	48	30	24	21	17	5	36	26	26	19	7486606
20150918	2	7486704	0	1046610	1	GEZ7	9839.5	9839	9838.5	9838	9837.5	13358	11216	381	317	251	9840	9840.5	9841	9841.5	9842	4	9852	6211	398	391	49	30	24	21	18	1	36	27	26	20	7486664
20150918	2	7522202	0	1069095	1	GEZ7	9840	9839.5	9839	9838.5	9838	9929	15500	439	392	248	9840.5	9841	9841.5	9842	9842.5	442	10835	448	404	407	45	31	26	23	18	9	35	25	23	19	7522158
20150918	2	7537103	0	1074096	1	GEZ7	9840	9839.5	9839	9838.5	9838	12709	10922	447	392	248	9840.5	9841	9841.5	9842	9842.5	897	15987	9507	404	365	46	29	26	23	18	15	36	25	23	17	7537055
20150918	2	7538902	0	1075756	1	GEZ7	9840	9839.5	9839	9838.5	9838	9021	16364	437	392	248	9840.5	9841	9841.5	9842	9842.5	784	10566	448	404	367	48	28	25	23	18	4	36	25	23	18	7538862
20150918	2	7539353	0	1076514	1	GEZ7	9840	9839.5	9839	9838.5	9838	10948	9723	440	392	252	9840.5	9841	9841.5	9842	9842.5	202	4651	8801	406	371	48	30	25	23	19	1	37	23	24	19	7539304
20150918	2	7539752	0	1077196	1	GEZ7	9840	9839.5	9839	9838.5	9838	11842	9944	440	392	252	9840.5	9841	9841.5	9842	9842.5	194	2920	9098	406	371	48	30	25	23	19	1	37	23	24	19	7539706
20150918	2	7540652	0	1078190	1	GEZ7	9840	9839.5	9839	9838.5	9838	10238	8582	440	392	252	9840.5	9841	9841.5	9842	9842.5	185	3256	10804	401	406	45	30	25	23	19	1	36	24	23	21	7540605
20150918	2	7546952	0	1082295	1	GEZ7	9840.5	9840	9839.5	9839	9838.5	15	11872	14541	427	356	9841	9841.5	9842	9842.5	9843	6776	16851	446	401	274	1	50	27	24	20	44	25	25	20	14	7546854
20150918	2	7566002	0	1095148	1	GEZ7	9840.5	9840	9839.5	9839	9838.5	32	17012	10190	427	356	9841	9841.5	9842	9842.5	9843	7508	20536	441	406	274	2	49	27	24	20	44	25	24	21	14	7565806
20150918	2	7599102	0	1108726	1	GEZ7	9840.5	9840	9839.5	9839	9838.5	50	14056	7489	427	356	9841	9841.5	9842	9842.5	9843	6701	17014	441	406	274	3	46	27	24	20	44	25	24	21	14	7599055
20150918	2	7669203	0	1140089	1	GEZ7	9840.5	9840	9839.5	9839	9838.5	2834	17178	430	410	297	9841	9841.5	9842	9842.5	9843	689	11591	461	409	292	38	34	26	23	18	16	31	24	22	16	7669154
20150918	2	7669266	0	1140293	1	GEZ7	9840.5	9840	9839.5	9839	9838.5	3137	16796	425	410	301	9841	9841.5	9842	9842.5	9843	466	7620	455	411	296	40	35	26	23	19	15	32	22	23	17	7669212
20150918	2	7730802	0	1172583	1	GEZ7	9840.5	9840	9839.5	9839	9838.5	4913	24772	413	415	296	9841	9841.5	9842	9842.5	9843	2326	25208	462	511	369	41	36	24	24	18	32	31	23	24	17	7730755
20150918	2	7730803	0	1172614	1	GEZ7	9840.5	9840	9839.5	9839	9838.5	5595	16990	413	415	296	9841	9841.5	9842	9842.5	9843	782	22148	462	511	369	48	34	24	24	18	23	31	23	24	17	7730803
20150918	2	7730852	0	1172614	1	GEZ7	9840.5	9840	9839.5	9839	9838.5	5595	16990	413	415	296	9841	9841.5	9842	9842.5	9843	782	22148	462	511	369	48	34	24	24	18	23	31	23	24	17	7730803
20150918	2	7737580	0	1176141	1	GEZ7	9840.5	9840	9839.5	9839	9838.5	10284	20835	413	415	296	9841	9841.5	9842	9842.5	9843	302	18451	492	511	399	52	31	24	24	18	8	34	24	24	18	7737506
20150918	2	7737647	0	1176240	1	GEZ7	9840.5	9840	9839.5	9839	9838.5	11268	16849	403	415	296	9841	9841.5	9842	9842.5	9843	19	14798	492	501	411	52	31	23	24	18	3	33	24	22	21	7737582
20150918	2	7737837	0	1176906	1	GEZ7	9841	9840.5	9840	9839.5	9839	89	8649	8890	423	351	9841.5	9842	9842.5	9843	9843.5	9974	8967	571	416	314	10	47	28	22	20	38	25	24	22	13	7737767
20150918	2	7737863	0	1177033	1	GEZ7	9841	9840.5	9840	9839.5	9839	35	8076	9559	423	381	9841.5	9842	9842.5	9843	9843.5	10681	8694	571	411	314	5	49	28	22	21	38	26	24	21	13	7737848
20150918	2	7737952	0	1177233	1	GEZ7	9841	9840.5	9840	9839.5	9839	12	7795	9398	423	381	9841.5	9842	9842.5	9843	9843.5	10644	8033	571	416	314	5	47	28	22	21	38	25	24	22	13	7737910
20150918	2	7738002	0	1177355	1	GEZ7	9841	9840.5	9840	9839.5	9839	2	6858	9459	427	381	9841.5	9842	9842.5	9843	9843.5	10805	7698	577	409	314	1	49	28	23	21	38	25	24	20	13	7737968
20150918	2	7741652	0	1179825	1	GEZ7	9840.5	9840	9839.5	9839	9838.5	9573	22573	459	428	296	9841	9841.5	9842	9842.5	9843	90	13476	10240	616	426	54	34	26	24	18	4	42	26	26	22	7741611
20150918	2	7741715	0	1179913	1	GEZ7	9840.5	9840	9839.5	9839	9838.5	9599	22573	459	428	296	9841	9841.5	9842	9842.5	9843	89	15267	10640	616	426	53	34	26	24	18	5	42	26	26	22	7741664
20150918	2	7741752	0	1179946	1	GEZ7	9840.5	9840	9839.5	9839	9838.5	9738	17354	459	428	296	9841	9841.5	9842	9842.5	9843	22	14386	11567	616	426	51	34	26	24	18	2	41	26	26	22	7741716
20150918	2	7767452	0	1186223	1	GEZ7	9840.5	9840	9839.5	9839	9838.5	12437	19001	475	428	296	9841	9841.5	9842	9842.5	9843	16	16746	10947	616	426	55	35	27	24	18	1	42	27	26	22	7766658
20150918	2	7767511	0	1186426	1	GEZ7	9840.5	9840	9839.5	9839	9838.5	12819	18373	475	428	296	9841	9841.5	9842	9842.5	9843	8	16389	11039	616	431	51	36	27	24	18	1	42	26	26	23	7767457
20150918	2	7767652	0	1186769	1	GEZ7	9840.5	9840	9839.5	9839	9838.5	7841	14972	475	428	296	9841	9841.5	9842	9842.5	9843	34	14439	535	647	426	50	36	27	24	18	2	44	26	28	22	7767606
20150918	2	7768452	0	1187065	1	GEZ7	9841	9840.5	9840	9839.5	9839	8	7851	14441	471	398	9841.5	9842	9842.5	9843	9843.5	12908	11282	647	431	399	4	54	33	26	23	42	27	28	23	15	7768003
20150918	2	7778602	0	1193572	1	GEZ7	9841	9840.5	9840	9839.5	9839	41	11142	12016	455	398	9841.5	9842	9842.5	9843	9843.5	15288	16141	647	431	399	4	49	32	25	23	45	27	28	23	15	7778557
20150918	2	7778902	0	1193646	1	GEZ7	9841	9840.5	9840	9839.5	9839	4	11669	12044	471	398	9841.5	9842	9842.5	9843	9843.5	15336	16141	647	431	399	2	49	34	26	23	45	27	28	23	15	7778705
20150918	2	7780552	0	1194519	1	GEZ7	9841	9840.5	9840	9839.5	9839	2	11214	11343	444	371	9841.5	9842	9842.5	9843	9843.5	15919	15884	647	431	399	1	50	32	25	22	45	27	28	23	15	7780504
20150918	2	7781202	0	1194734	1	GEZ7	9840.5	9840	9839.5	9839	9838.5	10535	11772	444	401	264	9841	9841.5	9842	9842.5	9843	8	13102	15711	647	431	47	34	25	23	16	1	46	25	28	23	7780955
20150918	2	7781552	0	1195361	1	GEZ7	9841	9840.5	9840	9839.5	9839	118	10697	12791	428	371	9841.5	9842	9842.5	9843	9843.5	10902	15366	647	431	399	4	48	31	24	22	45	29	28	23	15	7781506
20150918	2	7782552	0	1195836	1	GEZ7	9841	9840.5	9840	9839.5	9839	117	10207	12781	428	371	9841.5	9842	9842.5	9843	9843.5	11166	16342	647	431	399	4	48	31	24	22	45	29	28	23	15	7782505
20150918	2	7783002	0	1196133	1	GEZ7	9841	9840.5	9840	9839.5	9839	116	10482	12229	428	371	9841.5	9842	9842.5	9843	9843.5	10856	16342	647	431	399	4	48	31	24	22	45	29	28	23	15	7782755
20150918	2	7783302	0	1196269	1	GEZ7	9841	9840.5	9840	9839.5	9839	115	10462	12229	428	371	9841.5	9842	9842.5	9843	9843.5	12341	16342	647	431	399	4	48	31	24	22	45	29	28	23	15	7783005
20150918	2	7783452	0	1196363	1	GEZ7	9841	9840.5	9840	9839.5	9839	114	10462	12229	428	371	9841.5	9842	9842.5	9843	9843.5	12341	16496	647	431	399	4	48	31	24	22	45	29	28	23	15	7783303
20150918	2	7783902	0	1196657	1	GEZ7	9841	9840.5	9840	9839.5	9839	61	12134	12281	428	371	9841.5	9842	9842.5	9843	9843.5	14909	16441	647	431	399	1	48	31	24	22	46	29	28	23	15	7783855
20150918	2	7784052	0	1196864	1	GEZ7	9841	9840.5	9840	9839.5	9839	45	11590	11935	428	371	9841.5	9842	9842.5	9843	9843.5	15684	16382	647	431	399	1	48	31	24	22	45	28	28	23	15	7784006
20150918	2	7789252	0	1200918	1	GEZ7	9840.5	9840	9839.5	9839	9838.5	8252	13102	444	401	274	9841	9841.5	9842	9842.5	9843	23	13726	7305	647	431	52	35	25	23	17	2	45	25	28	23	7789209
20150918	2	7789402	0	1201153	1	GEZ7	9841	9840.5	9840	9839.5	9839	249	5362	12457	471	398	9841.5	9842	9842.5	9843	9843.5	13911	7160	647	431	414	1	53	33	26	23	43	27	28	23	16	7789354
20150918	2	7789752	0	1201423	1	GEZ7	9841	9840.5	9840	9839.5	9839	36	5285	12455	471	398	9841.5	9842	9842.5	9843	9843.5	14404	7160	647	431	414	1	53	33	26	23	43	27	28	23	16	7789708
20150918	2	7797953	0	1205548	1	GEZ7	9840.5	9840	9839.5	9839	9838.5	10696	21448	471	428	301	9841	9841.5	9842	9842.5	9843	170	18575	530	647	431	51	36	26	24	18	4	46	25	28	23	7797904
20150918	2	7856452	0	1229760	1	GEZ7	9840.5	9840	9839.5	9839	9838.5	13033	16167	501	428	301	9841	9841.5	9842	9842.5	9843	65	14586	560	677	431	55	37	28	24	18	2	49	27	30	23	7856404
20150918	2	7939452	0	1260277	1	GEZ7	9840.5	9840	9839.5	9839	9838.5	27	15671	6262	419	393	9841	9841.5	9842	9842.5	9843	11756	18997	549	591	360	3	49	33	22	23	41	34	30	28	15	7939407
20150918	2	7943403	0	1262764	1	GEZ7	9840.5	9840	9839.5	9839	9838.5	47	16153	6779	419	363	9841	9841.5	9842	9842.5	9843	10624	12993	549	591	360	2	51	33	22	22	39	34	30	28	15	7943403
20150918	2	7995952	0	1289054	1	GEZ7	9840.5	9840	9839.5	9839	9838.5	39	17061	6466	419	393	9841	9841.5	9842	9842.5	9843	14113	17060	555	586	360	4	49	33	22	23	42	35	32	27	15	7995904
20150918	2	7996001	0	1289146	1	GEZ7	9840.5	9840	9839.5	9839	9838.5	12	14541	7464	491	393	9841	9841.5	9842	9842.5	9843	14853	12650	555	586	360	1	49	33	27	23	43	35	32	27	15	7995966
20150918	2	7996116	0	1289257	1	GEZ7	9840	9839.5	9839	9838.5	9838	11909	7727	524	393	331	9841	9841.5	9842	9842.5	9843	15291	12474	539	559	360	47	35	28	23	18	43	36	31	24	15	7996017
20150918	2	7998002	0	1290914	1	GEZ7	9840	9839.5	9839	9838.5	9838	9194	12582	524	426	331	9840.5	9841	9841.5	9842	9842.5	4	15158	9806	486	556	55	36	28	24	18	1	44	33	28	25	7997954
20150918	2	8109463	0	1342614	1	GEZ7	9840.5	9840	9839.5	9839	9838.5	5233	18672	506	461	301	9841	9841.5	9842	9842.5	9843	1204	21124	569	556	429	47	39	30	26	18	21	46	29	26	17	8109156
20150918	2	8160702	0	1371736	1	GEZ7	9840.5	9840	9839.5	9839	9838.5	11818	12695	516	461	301	9841	9841.5	9842	9842.5	9843	180	19637	9356	556	476	53	36	31	26	18	10	45	29	26	20	8160658
20150918	2	8178602	0	1377398	1	GEZ7	9840.5	9840	9839.5	9839	9838.5	13178	21951	506	461	301	9841	9841.5	9842	9842.5	9843	338	29762	9642	556	466	54	37	30	26	18	13	46	29	26	19	8178258
20150918	2	8193603	0	1381759	1	GEZ7	9841	9840.5	9840	9839.5	9839	31	14868	13073	485	428	9841.5	9842	9842.5	9843	9843.5	22833	8147	681	531	479	5	55	34	27	25	51	29	31	24	16	8192705
20150918	2	8193715	0	1382076	1	GEZ7	9841	9840.5	9840	9839.5	9839	4	12279	13526	485	428	9841.5	9842	9842.5	9843	9843.5	23906	8109	681	531	479	2	55	34	27	25	50	29	31	24	16	8193665
20150918	2	8319339	0	1439914	1	GEZ7	9841	9840.5	9840	9839.5	9839	3050	20180	492	439	311	9841.5	9842	9842.5	9843	9843.5	1616	17193	692	516	503	43	39	31	27	18	27	37	28	22	21	8319339
20150918	2	8350757	0	1453759	1	GEZ7	9841	9840.5	9840	9839.5	9839	6819	22808	492	439	311	9841.5	9842	9842.5	9843	9843.5	901	21200	692	516	503	51	37	31	27	18	30	38	28	22	21	8350705
20150918	2	8350952	0	1454163	1	GEZ7	9841	9840.5	9840	9839.5	9839	8233	18162	489	439	311	9841.5	9842	9842.5	9843	9843.5	320	13264	692	516	520	52	36	30	27	18	10	38	28	22	23	8350910
20150918	2	8351409	0	1454382	1	GEZ7	9841.5	9841	9840.5	9840	9839.5	64	7048	11233	485	403	9842	9842.5	9843	9843.5	9844	13067	8765	562	520	580	2	51	33	29	24	41	31	26	23	17	8351409
20150918	2	8352102	0	1455026	1	GEZ7	9841.5	9841	9840.5	9840	9839.5	64	8456	10508	489	398	9842	9842.5	9843	9843.5	9844	12488	8853	562	520	580	2	52	32	29	23	43	30	26	23	17	8352005
20150918	2	8352402	0	1455133	1	GEZ7	9841.5	9841	9840.5	9840	9839.5	81	8601	10474	489	398	9842	9842.5	9843	9843.5	9844	12470	8871	562	520	580	3	52	32	29	23	43	30	26	23	17	8352353
20150918	2	8353702	0	1455758	1	GEZ7	9841.5	9841	9840.5	9840	9839.5	78	7605	10479	489	398	9842	9842.5	9843	9843.5	9844	14424	11009	562	550	580	3	52	32	29	23	47	30	26	24	17	8353655
20150918	2	8353752	0	1455778	1	GEZ7	9841.5	9841	9840.5	9840	9839.5	58	8080	10479	489	398	9842	9842.5	9843	9843.5	9844	17769	11009	562	540	580	3	52	32	29	23	48	30	26	23	17	8353704
20150918	2	8516152	0	1521850	1	GEZ7	9841	9840.5	9840	9839.5	9839	42	12371	8705	427	363	9841.5	9842	9842.5	9843	9843.5	15808	9912	681	531	479	3	47	33	23	22	45	33	31	24	16	8516105
20150918	2	8516304	0	1521967	1	GEZ7	9841	9840.5	9840	9839.5	9839	2	11464	8755	427	363	9841.5	9842	9842.5	9843	9843.5	15581	9810	681	531	479	2	47	34	23	22	45	33	31	24	16	8516209
20150918	2	8524102	0	1524982	1	GEZ7	9841	9840.5	9840	9839.5	9839	1	11644	12548	498	363	9841.5	9842	9842.5	9843	9843.5	24394	8579	681	531	479	1	48	36	26	22	45	33	31	24	16	8523954
20150918	2	8531552	0	1529049	1	GEZ7	9840.5	9840	9839.5	9839	9838.5	17630	14529	503	396	426	9841	9841.5	9842	9842.5	9843	10	17292	10410	680	526	51	36	28	23	18	1	47	32	31	23	8531506
20150918	2	8544355	0	1535978	1	GEZ7	9841	9840.5	9840	9839.5	9839	10	10426	13166	502	363	9841.5	9842	9842.5	9843	9843.5	14928	11271	680	526	483	1	53	33	27	22	40	35	31	23	17	8544304
20150918	2	8549053	0	1538438	1	GEZ7	9840.5	9840	9839.5	9839	9838.5	14315	14452	503	396	426	9841	9841.5	9842	9842.5	9843	76	22703	11358	675	516	52	36	28	23	18	3	46	32	32	21	8548805
20150918	2	8571452	0	1547471	1	GEZ7	9840.5	9840	9839.5	9839	9838.5	13280	23528	523	391	427	9841	9841.5	9842	9842.5	9843	702	25081	588	586	505	53	33	30	22	18	17	39	34	28	19	8571357
20150918	2	8574852	0	1548835	1	GEZ7	9840.5	9840	9839.5	9839	9838.5	14114	18825	523	391	427	9841	9841.5	9842	9842.5	9843	285	22266	11932	588	516	53	34	30	22	18	10	39	32	29	21	8574805
20150918	2	8582403	0	1550764	1	GEZ7	9840.5	9840	9839.5	9839	9838.5	13036	18175	513	391	431	9841	9841.5	9842	9842.5	9843	195	21457	11901	621	516	51	35	29	22	19	7	40	32	30	21	8582403
20150918	2	8612452	0	1561237	1	GEZ7	9840.5	9840	9839.5	9839	9838.5	17294	15687	502	396	426	9841	9841.5	9842	9842.5	9843	33	19706	12452	621	516	52	36	27	23	18	1	45	32	30	21	8612403
20150918	2	8615152	0	1562370	1	GEZ7	9841	9840.5	9840	9839.5	9839	1	11918	15572	502	363	9841.5	9842	9842.5	9843	9843.5	18687	12943	690	516	483	1	50	36	27	22	45	35	33	21	17	8615103
20150918	2	8641602	0	1578330	1	GEZ7	9840.5	9840	9839.5	9839	9838.5	5	13727	13837	441	513	9841	9841.5	9842	9842.5	9843	21212	13131	568	551	424	2	44	30	24	22	50	31	34	24	16	8641406
20150918	2	8654502	0	1580137	1	GEZ7	9840.5	9840	9839.5	9839	9838.5	1	12113	16151	441	513	9841	9841.5	9842	9842.5	9843	20144	13210	568	551	424	1	42	33	24	22	50	31	34	24	16	8654055
20150918	2	8683452	0	1588672	1	GEZ7	9840	9839.5	9839	9838.5	9838	14782	13908	543	546	396	9840.5	9841	9841.5	9842	9842.5	106	18030	12498	580	546	53	32	30	23	19	5	46	29	34	23	8683105
20150918	2	8696902	0	1594329	1	GEZ7	9840	9839.5	9839	9838.5	9838	11773	18714	543	546	396	9840.5	9841	9841.5	9842	9842.5	44	15667	12483	590	551	54	32	30	23	19	3	52	29	34	24	8696856
20150918	2	8706602	0	1597407	1	GEZ7	9840	9839.5	9839	9838.5	9838	14309	17449	543	546	396	9840.5	9841	9841.5	9842	9842.5	42	19417	12212	590	551	54	32	30	23	19	2	52	29	34	24	8706555
20150918	2	8717002	0	1601081	1	GEZ7	9840.5	9840	9839.5	9839	9838.5	2	10516	18395	542	513	9841	9841.5	9842	9842.5	9843	20383	11972	624	556	420	1	52	31	29	22	49	30	36	25	15	8716804
20150918	2	8723052	0	1602406	1	GEZ7	9840	9839.5	9839	9838.5	9838	15532	17543	543	546	396	9841	9841.5	9842	9842.5	9843	23352	11956	624	556	420	53	32	30	23	19	50	30	36	25	15	8722205
20150918	2	8723252	0	1602603	1	GEZ7	9840	9839.5	9839	9838.5	9838	15501	17541	543	546	396	9840.5	9841	9841.5	9842	9842.5	40	17882	11779	591	551	53	32	30	23	19	2	51	29	35	24	8723204
20150918	2	8736502	0	1607527	1	GEZ7	9840	9839.5	9839	9838.5	9838	7048	14759	543	546	396	9840.5	9841	9841.5	9842	9842.5	520	14999	641	525	1009	48	32	30	23	19	18	44	29	32	22	8736403
20150918	2	8754852	0	1618708	1	GEZ7	9840	9839.5	9839	9838.5	9838	11933	20529	543	546	396	9840.5	9841	9841.5	9842	9842.5	556	26705	11303	540	539	51	32	30	23	19	15	49	29	33	22	8754756
20150918	2	8778952	0	1627953	1	GEZ7	9840	9839.5	9839	9838.5	9838	9356	25741	543	546	396	9840.5	9841	9841.5	9842	9842.5	660	25864	10122	525	1039	50	32	30	23	19	19	44	29	32	23	8778905
20150918	2	8780602	0	1629221	1	GEZ7	9840	9839.5	9839	9838.5	9838	8368	17177	543	546	396	9840.5	9841	9841.5	9842	9842.5	720	19556	10642	525	1009	51	32	30	23	19	20	44	29	32	22	8780555
20150918	2	8802102	0	1639998	1	GEZ7	9840	9839.5	9839	9838.5	9838	11598	23554	543	546	396	9840.5	9841	9841.5	9842	9842.5	81	22421	10732	525	1046	54	32	30	23	19	4	46	29	32	24	8802054
20150918	2	9115108	0	1746795	1	GEZ7	9840	9839.5	9839	9838.5	9838	61	19811	581	552	444	9840.5	9841	9841.5	9842	9842.5	15469	17401	625	511	950	6	44	34	23	20	48	34	30	31	18	9115037
20150918	2	9117852	0	1748568	1	GEZ7	9840	9839.5	9839	9838.5	9838	7	10067	577	556	478	9840.5	9841	9841.5	9842	9842.5	13182	16382	610	462	927	1	45	33	24	22	47	34	33	26	18	9117554
20150918	2	9117906	0	1748723	1	GEZ7	9839.5	9839	9838.5	9838	9837.5	10532	9143	658	511	272	9840	9840.5	9841	9841.5	9842	80	13674	15881	554	455	43	35	30	23	17	5	47	33	30	25	9117863
20150918	2	9118103	0	1749129	1	GEZ7	9839.5	9839	9838.5	9838	9837.5	11382	8892	648	521	268	9840	9840.5	9841	9841.5	9842	157	14727	14277	521	453	49	36	29	24	16	2	43	31	29	24	9118060
20150918	2	9118452	0	1749510	1	GEZ7	9839.5	9839	9838.5	9838	9837.5	7947	8815	648	521	268	9840	9840.5	9841	9841.5	9842	176	18722	14510	506	446	47	36	29	24	16	4	43	31	28	23	9118405
20150918	2	9118552	0	1749673	1	GEZ7	9839.5	9839	9838.5	9838	9837.5	7871	8983	648	521	268	9840	9840.5	9841	9841.5	9842	170	18602	14703	506	446	47	36	29	24	16	4	43	31	28	23	9118506
20150918	2	9119952	0	1750768	1	GEZ7	9839.5	9839	9838.5	9838	9837.5	12624	9920	658	511	287	9840.5	9841	9841.5	9842	9842.5	20837	15757	522	438	852	50	36	30	23	19	47	33	30	23	17	9119906
20150918	2	9120452	0	1751082	1	GEZ7	9839.5	9839	9838.5	9838	9837.5	9070	9931	648	521	282	9840	9840.5	9841	9841.5	9842	142	17653	15934	506	416	48	36	29	24	18	2	47	31	28	21	9120353
20150918	2	9122952	0	1752393	1	GEZ7	9839.5	9839	9838.5	9838	9837.5	10354	9816	658	511	282	9840	9840.5	9841	9841.5	9842	147	19691	13078	499	416	49	36	30	23	18	3	45	30	27	21	9122854
20150918	2	9127502	0	1755493	1	GEZ7	9840	9839.5	9839	9838.5	9838	25	15115	9584	658	478	9840.5	9841	9841.5	9842	9842.5	16873	16719	560	416	852	2	52	33	30	22	44	32	31	21	17	9127355
20150918	2	9128502	0	1755884	1	GEZ7	9839.5	9839	9838.5	9838	9837.5	14656	9558	658	511	287	9840	9840.5	9841	9841.5	9842	5	17379	16841	579	416	51	36	30	23	19	1	47	32	31	21	9128355
20150918	2	9135152	0	1758839	1	GEZ7	9839.5	9839	9838.5	9838	9837.5	20431	9620	658	511	287	9840.5	9841	9841.5	9842	9842.5	21279	16471	580	416	852	51	36	30	23	19	48	34	32	21	17	9135106
20150918	2	9135202	0	1758907	1	GEZ7	9839.5	9839	9838.5	9838	9837.5	20782	9620	658	504	287	9840	9840.5	9841	9841.5	9842	29	15367	16400	586	423	52	36	30	22	19	1	48	34	32	22	9135158
20150918	2	9138552	0	1760372	1	GEZ7	9840	9839.5	9839	9838.5	9838	5	15105	9702	658	478	9840.5	9841	9841.5	9842	9842.5	17510	16851	587	423	852	1	53	33	30	22	46	35	33	22	17	9138405
20150918	2	9139402	0	1760917	1	GEZ7	9839.5	9839	9838.5	9838	9837.5	15764	9656	658	511	287	9840	9840.5	9841	9841.5	9842	76	16556	16399	586	367	50	36	30	23	19	3	47	35	32	20	9139354
20150918	2	9140702	0	1761738	1	GEZ7	9839.5	9839	9838.5	9838	9837.5	19046	9659	658	511	287	9840	9840.5	9841	9841.5	9842	52	18412	16570	586	367	52	36	30	23	19	1	47	35	32	20	9140606
20150918	2	9192052	0	1777605	1	GEZ7	9839.5	9839	9838.5	9838	9837.5	19779	13498	658	511	287	9840	9840.5	9841	9841.5	9842	41	20365	16965	629	367	55	36	30	23	19	1	48	34	33	20	9191757
20150918	2	9233152	0	1790196	1	GEZ7	9839.5	9839	9838.5	9838	9837.5	18946	19956	658	511	287	9840	9840.5	9841	9841.5	9842	39	22102	18525	629	367	55	36	30	23	19	1	48	34	33	20	9233054
20150918	2	9234852	0	1791174	1	GEZ7	9839.5	9839	9838.5	9838	9837.5	19212	14610	658	511	287	9840	9840.5	9841	9841.5	9842	39	21546	17351	629	367	54	36	30	23	19	1	48	34	33	20	9234804
20150918	2	9247002	0	1792630	1	GEZ7	9839.5	9839	9838.5	9838	9837.5	19981	13108	658	511	287	9840	9840.5	9841	9841.5	9842	41	22367	17554	629	367	53	36	30	23	19	1	47	34	33	20	9245305
20150918	2	9294752	0	1798571	1	GEZ7	9839.5	9839	9838.5	9838	9837.5	20820	14359	658	511	287	9840	9840.5	9841	9841.5	9842	38	20779	16832	629	367	55	36	30	23	19	1	48	34	33	20	9293155
20150918	2	9294802	0	1798655	1	GEZ7	9839.5	9839	9838.5	9838	9837.5	20820	14359	658	511	287	9840	9840.5	9841	9841.5	9842	23	20767	16832	629	367	55	36	30	23	19	1	48	34	33	20	9294754
20150918	2	9299863	0	1799215	1	GEZ7	9839.5	9839	9838.5	9838	9837.5	20893	14359	658	511	287	9840	9840.5	9841	9841.5	9842	36	20687	16894	629	367	55	36	30	23	19	1	48	34	33	20	9299808
20150918	2	9299902	0	1799369	1	GEZ7	9840	9839.5	9839	9838.5	9838	194	16993	10993	657	461	9840.5	9841	9841.5	9842	9842.5	19779	16728	635	377	852	8	55	34	29	20	47	35	33	22	17	9299876
20150918	2	9299903	0	1799369	1	GEZ7	9840	9839.5	9839	9838.5	9838	194	16993	10993	657	461	9840.5	9841	9841.5	9842	9842.5	19779	16728	635	377	852	8	55	34	29	20	47	35	33	22	17	9299876
20150918	2	9299952	0	1799410	1	GEZ7	9840	9839.5	9839	9838.5	9838	87	18339	581	622	427	9840.5	9841	9841.5	9842	9842.5	14487	17710	633	384	848	10	53	34	26	18	46	35	32	24	16	9299906
20150918	2	9300002	0	1799551	1	GEZ7	9840	9839.5	9839	9838.5	9838	50	18329	571	622	427	9840.5	9841	9841.5	9842	9842.5	14594	17620	633	384	848	7	51	32	26	18	47	34	32	24	16	9299955
20150918	2	9300003	0	1799551	1	GEZ7	9840	9839.5	9839	9838.5	9838	50	18329	571	622	427	9840.5	9841	9841.5	9842	9842.5	14594	17620	633	384	848	7	51	32	26	18	47	34	32	24	16	9299955
20150918	2	9300102	0	1799775	1	GEZ7	9840	9839.5	9839	9838.5	9838	25	18449	571	622	427	9840.5	9841	9841.5	9842	9842.5	14277	17838	633	384	848	4	51	32	26	18	46	35	32	24	16	9300059
20150918	2	9300103	0	1799775	1	GEZ7	9840	9839.5	9839	9838.5	9838	25	18449	571	622	427	9840.5	9841	9841.5	9842	9842.5	14277	17838	633	384	848	4	51	32	26	18	46	35	32	24	16	9300059
20150918	2	9300158	0	1799797	1	GEZ7	9840	9839.5	9839	9838.5	9838	6	18448	571	623	427	9840.5	9841	9841.5	9842	9842.5	14316	17294	633	384	848	2	51	32	27	18	46	35	32	24	16	9300104
20150918	2	9300202	0	1799966	1	GEZ7	9839.5	9839	9838.5	9838	9837.5	19445	9683	622	460	250	9840.5	9841	9841.5	9842	9842.5	12917	15149	632	384	848	49	35	26	19	17	48	35	31	24	16	9300166
20150918	2	9306502	0	1804702	1	GEZ7	9840	9839.5	9839	9838.5	9838	4	16633	8873	586	478	9840.5	9841	9841.5	9842	9842.5	16043	11710	667	465	880	1	50	31	26	22	51	36	34	25	17	9306460
20150918	2	9359652	0	1825680	1	GEZ7	9840	9839.5	9839	9838.5	9838	1034	28762	571	597	397	9840.5	9841	9841.5	9842	9842.5	15537	11640	660	612	880	20	46	32	26	18	51	36	32	29	17	9359605
20150918	2	9359703	0	1825841	1	GEZ7	9840	9839.5	9839	9838.5	9838	708	28014	571	597	404	9840.5	9841	9841.5	9842	9842.5	16104	11662	660	612	880	14	46	32	26	19	52	35	32	29	17	9359665
20150918	2	9440954	0	1857546	1	GEZ7	9840	9839.5	9839	9838.5	9838	1089	32590	547	582	387	9840.5	9841	9841.5	9842	9842.5	11117	14532	660	612	880	29	43	31	25	17	46	40	32	29	17	9440954
20150918	2	9442252	0	1858349	1	GEZ7	9840	9839.5	9839	9838.5	9838	902	31514	571	582	387	9840.5	9841	9841.5	9842	9842.5	13035	13209	660	612	880	24	44	32	25	17	55	37	32	29	17	9442210
20150918	2	9442652	0	1858510	1	GEZ7	9840	9839.5	9839	9838.5	9838	896	31515	571	582	387	9840.5	9841	9841.5	9842	9842.5	13182	13099	660	612	880	24	44	32	25	17	50	37	32	29	17	9442604
20150918	2	9443852	0	1858952	1	GEZ7	9840	9839.5	9839	9838.5	9838	904	32386	571	582	397	9840.5	9841	9841.5	9842	9842.5	13550	12957	660	612	880	24	44	32	25	18	50	37	32	29	17	9443604
20150918	2	9443853	0	1858952	1	GEZ7	9840	9839.5	9839	9838.5	9838	904	32386	571	582	397	9840.5	9841	9841.5	9842	9842.5	13550	12957	660	612	880	24	44	32	25	18	50	37	32	29	17	9443604
20150918	2	9443902	0	1858993	1	GEZ7	9840	9839.5	9839	9838.5	9838	483	32269	571	582	397	9840.5	9841	9841.5	9842	9842.5	13714	12608	660	596	880	19	44	32	25	18	50	37	32	28	17	9443854
20150918	2	9443952	0	1859048	1	GEZ7	9840	9839.5	9839	9838.5	9838	466	32269	571	582	397	9840.5	9841	9841.5	9842	9842.5	13734	12608	660	596	880	19	44	32	25	18	50	37	32	28	17	9443904
20150918	2	9444102	0	1859219	1	GEZ7	9840	9839.5	9839	9838.5	9838	461	31622	571	582	397	9840.5	9841	9841.5	9842	9842.5	13891	12867	660	612	880	18	44	32	25	18	50	37	32	29	17	9444055
20150918	2	9444352	0	1859467	1	GEZ7	9840	9839.5	9839	9838.5	9838	447	31499	571	582	397	9840.5	9841	9841.5	9842	9842.5	14151	12790	660	612	880	17	44	32	25	18	50	37	32	29	17	9444260
20150918	2	9444653	0	1859630	1	GEZ7	9840	9839.5	9839	9838.5	9838	313	32040	571	582	397	9840.5	9841	9841.5	9842	9842.5	14702	12695	660	612	880	15	45	32	25	18	51	37	32	29	17	9444556
20150918	2	9447052	0	1860295	1	GEZ7	9840	9839.5	9839	9838.5	9838	389	31976	571	582	397	9840.5	9841	9841.5	9842	9842.5	14389	12777	660	612	880	17	46	32	25	18	51	37	32	29	17	9446954
20150918	2	9487203	0	1865919	1	GEZ7	9840	9839.5	9839	9838.5	9838	7	20711	567	586	438	9840.5	9841	9841.5	9842	9842.5	18320	12419	667	600	884	3	48	31	26	21	52	37	34	26	18	9487155
20150918	2	9511452	0	1872795	1	GEZ7	9839.5	9839	9838.5	9838	9837.5	13426	10430	658	471	422	9840	9840.5	9841	9841.5	9842	259	26884	10950	588	573	55	34	30	22	20	10	47	33	32	22	9511355
20150918	2	9555803	0	1889542	1	GEZ7	9839.5	9839	9838.5	9838	9837.5	15076	17237	658	471	422	9840	9840.5	9841	9841.5	9842	268	33271	11414	572	524	53	34	30	22	20	11	48	35	31	21	9555504
20150918	2	9603001	0	1908885	1	GEZ7	9839.5	9839	9838.5	9838	9837.5	399	30578	686	517	470	9840	9840.5	9841	9841.5	9842	8089	22804	799	557	443	11	45	32	23	21	47	32	39	27	17	9602920
20150918	2	9603195	0	1909655	1	GEZ7	9839.5	9839	9838.5	9838	9837.5	15	9497	9708	517	484	9840	9840.5	9841	9841.5	9842	9394	12067	796	557	447	1	47	30	23	23	48	31	37	27	18	9603177
20150918	2	9603695	0	1910471	1	GEZ7	9839	9838.5	9838	9837.5	9837	8633	10310	564	517	374	9839.5	9840	9840.5	9841	9841.5	53	10455	12606	795	516	49	32	27	24	17	5	49	29	36	22	9603600
20150918	2	9603745	0	1910556	1	GEZ7	9839	9838.5	9838	9837.5	9837	9122	10672	564	517	374	9839.5	9840	9840.5	9841	9841.5	33	10467	12581	795	516	49	32	27	24	17	4	49	29	36	22	9603700
20150918	2	9603845	0	1910709	1	GEZ7	9839	9838.5	9838	9837.5	9837	9107	10687	564	517	374	9839.5	9840	9840.5	9841	9841.5	28	10477	12611	795	516	49	32	27	24	17	3	49	29	36	22	9603801
20150918	2	9604094	0	1911091	1	GEZ7	9839	9838.5	9838	9837.5	9837	13801	10260	564	547	374	9839.5	9840	9840.5	9841	9841.5	10	8911	13450	795	533	50	32	27	25	17	1	50	29	36	24	9604048
20150918	2	9616495	0	1918558	1	GEZ7	9839	9838.5	9838	9837.5	9837	18975	11613	619	547	374	9839.5	9840	9840.5	9841	9841.5	20	19715	13497	795	533	57	32	29	25	17	1	52	29	36	24	9616448
20150918	2	9629695	0	1925155	1	GEZ7	9839.5	9839	9838.5	9838	9837.5	13	18533	10934	562	500	9840	9840.5	9841	9841.5	9842	19066	12247	794	535	443	3	55	32	26	22	48	33	36	25	17	9629649
20150918	2	9630145	0	1925766	1	GEZ7	9839	9838.5	9838	9837.5	9837	8760	12428	609	547	374	9839.5	9840	9840.5	9841	9841.5	286	12892	11884	772	511	53	34	28	25	17	10	48	31	35	21	9630101
20150918	2	9631045	0	1926237	1	GEZ7	9839	9838.5	9838	9837.5	9837	10603	13034	609	547	374	9839.5	9840	9840.5	9841	9841.5	103	14609	12990	772	518	55	34	28	25	17	6	48	31	35	22	9630799
20150918	2	9631195	0	1926442	1	GEZ7	9839	9838.5	9838	9837.5	9837	11468	13152	609	547	374	9839.5	9840	9840.5	9841	9841.5	36	15219	13032	805	518	55	34	28	25	17	3	48	31	36	22	9631147
20150918	2	9631246	0	1926519	1	GEZ7	9839.5	9839	9838.5	9838	9837.5	2	11686	13100	609	547	9840	9840.5	9841	9841.5	9842	14926	13038	803	530	428	1	56	34	28	25	47	33	35	24	16	9631198
20150918	2	9633196	0	1928196	1	GEZ7	9839.5	9839	9838.5	9838	9837.5	2	13565	12469	609	514	9840	9840.5	9841	9841.5	9842	16715	12683	804	530	428	1	57	32	28	24	48	33	36	24	16	9633147
20150918	2	9634745	0	1928918	1	GEZ7	9839	9838.5	9838	9837.5	9837	12486	13249	609	547	374	9839.5	9840	9840.5	9841	9841.5	30	16802	12811	820	528	56	34	28	25	17	2	52	30	37	23	9634597
20150918	2	9638795	0	1931489	1	GEZ7	9839	9838.5	9838	9837.5	9837	13803	16128	609	547	374	9839.5	9840	9840.5	9841	9841.5	135	18110	13030	820	528	57	34	28	25	17	1	50	31	37	23	9638697
20150918	2	9639045	0	1931705	1	GEZ7	9839	9838.5	9838	9837.5	9837	13803	16128	609	547	374	9839.5	9840	9840.5	9841	9841.5	133	18110	13030	820	528	57	34	28	25	17	1	50	31	37	23	9638997
20150918	2	9644046	0	1934715	1	GEZ7	9839	9838.5	9838	9837.5	9837	13250	19979	619	547	374	9839.5	9840	9840.5	9841	9841.5	248	20247	12664	787	511	57	33	29	25	17	8	50	30	36	21	9643898
20150918	2	9655045	0	1940065	1	GEZ7	9839	9838.5	9838	9837.5	9837	12941	22730	609	547	374	9839.5	9840	9840.5	9841	9841.5	207	19713	12586	820	401	58	34	28	25	17	6	46	30	37	22	9654997
20150918	2	9657445	0	1941016	1	GEZ7	9839	9838.5	9838	9837.5	9837	13191	26363	609	547	374	9839.5	9840	9840.5	9841	9841.5	169	19798	12869	818	403	59	34	28	25	17	4	44	32	36	23	9657400
20150918	2	9659696	0	1942562	1	GEZ7	9839.5	9839	9838.5	9838	9837.5	4	13825	13638	619	500	9840	9840.5	9841	9841.5	9842	20307	10826	819	410	308	2	55	32	29	22	48	33	37	24	16	9659648
20150918	2	9659846	0	1942767	1	GEZ7	9839	9838.5	9838	9837.5	9837	13435	14467	609	547	374	9839.5	9840	9840.5	9841	9841.5	50	16346	10893	820	408	54	34	28	25	17	3	50	31	37	23	9659797
20150918	2	9661696	0	1943907	1	GEZ7	9839	9838.5	9838	9837.5	9837	14885	15872	609	547	374	9840	9840.5	9841	9841.5	9842	18273	12578	821	408	297	56	34	28	25	17	49	32	38	23	16	9661497
20150918	2	9721046	0	1972374	1	GEZ7	9839.5	9839	9838.5	9838	9837.5	6571	29672	538	416	278	9840	9840.5	9841	9841.5	9842	1343	25342	707	418	297	50	39	30	25	17	31	40	34	27	16	9720947
20150918	2	9731847	0	1977726	1	GEZ7	9839.5	9839	9838.5	9838	9837.5	9034	23688	528	416	278	9840	9840.5	9841	9841.5	9842	920	23210	651	403	398	54	39	29	25	17	20	41	32	26	20	9731598
20150918	2	9733096	0	1978800	1	GEZ7	9839.5	9839	9838.5	9838	9837.5	11039	10823	538	406	287	9840	9840.5	9841	9841.5	9842	41	23607	11660	403	408	55	38	30	24	19	6	43	32	26	21	9733048
20150918	2	9735345	0	1981262	1	GEZ7	9840	9839.5	9839	9838.5	9838	25	8290	12473	538	373	9840.5	9841	9841.5	9842	9842.5	24367	10306	484	425	859	2	57	35	30	23	47	34	29	24	16	9735297
20150918	2	9770095	0	2003898	1	GEZ7	9840	9839.5	9839	9838.5	9838	22	10256	11886	537	373	9840.5	9841	9841.5	9842	9842.5	21749	11401	577	510	941	2	59	35	29	23	51	34	32	26	19	9769997
20150918	2	9771295	0	2004593	1	GEZ7	9840	9839.5	9839	9838.5	9838	20	11171	11886	537	373	9840.5	9841	9841.5	9842	9842.5	20931	11088	577	510	941	2	59	35	29	23	51	34	32	26	19	9771248
20150918	2	9774645	0	2006375	1	GEZ7	9840	9839.5	9839	9838.5	9838	8	10727	11705	537	373	9840.5	9841	9841.5	9842	9842.5	21290	12367	577	510	941	1	59	35	29	23	51	34	32	26	19	9774607
20150918	2	9775996	0	2007855	1	GEZ7	9840	9839.5	9839	9838.5	9838	1	8716	11812	538	406	9840.5	9841	9841.5	9842	9842.5	17106	11556	562	510	941	1	54	38	30	24	50	34	31	26	19	9775950
20150918	2	9860496	0	2050277	1	GEZ7	9839.5	9839	9838.5	9838	9837.5	9091	20458	528	416	282	9840	9840.5	9841	9841.5	9842	457	32183	667	448	447	53	38	29	25	18	18	43	33	27	21	9860350
20150918	2	9905496	0	2072253	1	GEZ7	9839.5	9839	9838.5	9838	9837.5	9568	22738	538	406	287	9840	9840.5	9841	9841.5	9842	84	21361	12272	448	493	53	38	30	24	19	7	45	32	27	23	9905447
20150918	2	10009596	0	2121169	1	GEZ7	9839.5	9839	9838.5	9838	9837.5	7866	19815	538	406	287	9840	9840.5	9841	9841.5	9842	213	20639	607	438	454	53	37	30	24	19	9	43	33	25	24	10009554
20150918	2	10014996	0	2124871	1	GEZ7	9839.5	9839	9838.5	9838	9837.5	12925	19686	538	406	287	9840	9840.5	9841	9841.5	9842	27	22800	10434	471	454	53	36	30	24	19	3	45	33	26	24	10014702
20150918	2	10042646	0	2135130	1	GEZ7	9839.5	9839	9838.5	9838	9837.5	15959	11999	538	406	287	9840	9840.5	9841	9841.5	9842	25	20072	11512	471	454	52	36	30	24	19	2	45	33	26	24	10042099
20150918	2	10042696	0	2135289	1	GEZ7	9840	9839.5	9839	9838.5	9838	5	16476	11663	537	406	9840.5	9841	9841.5	9842	9842.5	20294	11589	574	461	1324	3	49	36	29	24	46	33	30	26	19	10042661
20150918	2	10043046	0	2135735	1	GEZ7	9839.5	9839	9838.5	9838	9837.5	13533	11883	537	406	287	9840	9840.5	9841	9841.5	9842	12	15688	10840	577	454	50	36	29	24	19	1	47	33	32	24	10042997
20150918	2	10043446	0	2135958	1	GEZ7	9839.5	9839	9838.5	9838	9837.5	13892	11883	537	406	287	9840	9840.5	9841	9841.5	9842	11	15334	11236	575	461	50	36	29	24	19	1	47	32	31	26	10043251
20150918	2	10043545	0	2136026	1	GEZ7	9839.5	9839	9838.5	9838	9837.5	14070	11736	533	402	287	9840	9840.5	9841	9841.5	9842	8	15335	11236	575	461	50	37	28	23	19	1	47	32	31	26	10043498
20150918	2	10043546	0	2136026	1	GEZ7	9839.5	9839	9838.5	9838	9837.5	14070	11736	533	402	287	9840	9840.5	9841	9841.5	9842	8	15335	11236	575	461	50	37	28	23	19	1	47	32	31	26	10043498
20150918	2	10075046	0	2152764	1	GEZ7	9839.5	9839	9838.5	9838	9837.5	18423	11482	538	387	317	9840	9840.5	9841	9841.5	9842	33	18927	12753	541	517	52	37	29	22	19	1	56	30	29	28	10074948
20150918	2	10104246	0	2167809	1	GEZ7	9839.5	9839	9838.5	9838	9837.5	20698	10138	538	387	317	9840.5	9841	9841.5	9842	9842.5	22489	10383	537	522	1320	53	37	29	22	19	56	33	29	29	18	10104199
20150918	2	10104296	0	2167925	1	GEZ7	9839.5	9839	9838.5	9838	9837.5	21040	10139	538	387	317	9840.5	9841	9841.5	9842	9842.5	16844	11235	537	466	1320	53	37	29	22	19	55	34	29	27	18	10104251
20150918	2	10104346	0	2167956	1	GEZ7	9839.5	9839	9838.5	9838	9837.5	21040	10139	538	380	317	9840.5	9841	9841.5	9842	9842.5	16848	11235	537	466	1320	53	37	29	21	19	54	34	29	27	18	10104298
20150918	2	10122146	0	2173816	1	GEZ7	9840	9839.5	9839	9838.5	9838	10	16055	11024	538	354	9840.5	9841	9841.5	9842	9842.5	20003	11501	537	522	1320	1	54	35	29	21	54	33	29	29	18	10122098
20150918	2	10122246	0	2173958	1	GEZ7	9840	9839.5	9839	9838.5	9838	9	14802	10888	538	354	9840.5	9841	9841.5	9842	9842.5	19180	11254	537	522	1320	1	54	35	29	21	54	33	29	29	18	10122202
20150918	2	10122396	0	2173979	1	GEZ7	9840	9839.5	9839	9838.5	9838	8	14802	10888	538	354	9840.5	9841	9841.5	9842	9842.5	19180	11254	537	522	1320	1	54	35	29	21	54	33	29	29	18	10122248
20150918	2	10360296	0	2256704	1	GEZ7	9840	9839.5	9839	9838.5	9838	944	30654	10318	456	272	9840.5	9841	9841.5	9842	9842.5	8887	18271	537	457	925	33	42	33	25	18	42	39	29	25	18	10360197
20150918	2	10360346	0	2256718	1	GEZ7	9840	9839.5	9839	9838.5	9838	578	30649	10342	456	272	9840.5	9841	9841.5	9842	9842.5	8963	18150	537	457	925	28	42	34	25	18	42	39	29	25	18	10360297
20150918	2	10441696	0	2280330	1	GEZ7	9840	9839.5	9839	9838.5	9838	99	25675	9345	456	382	9840.5	9841	9841.5	9842	9842.5	13168	14974	537	462	920	11	43	35	25	21	48	35	29	26	17	10441652
20150918	2	10441896	0	2280437	1	GEZ7	9840	9839.5	9839	9838.5	9838	58	25268	9813	456	382	9840.5	9841	9841.5	9842	9842.5	13016	15006	537	462	920	10	43	35	25	21	48	35	29	26	17	10441847
20150918	2	10441946	0	2280509	1	GEZ7	9840	9839.5	9839	9838.5	9838	5	23279	8396	517	415	9840.5	9841	9841.5	9842	9842.5	13063	14158	541	462	920	1	43	34	28	22	48	35	30	26	17	10441897
20150918	2	10453446	0	2289071	1	GEZ7	9839.5	9839	9838.5	9838	9837.5	16395	10431	532	422	278	9840	9840.5	9841	9841.5	9842	100	22593	13665	498	452	51	36	29	23	17	5	43	34	27	25	10453416
20150918	2	10453500	0	2289170	1	GEZ7	9839.5	9839	9838.5	9838	9837.5	18241	9493	532	422	278	9840	9840.5	9841	9841.5	9842	48	17643	12939	559	452	50	36	29	23	17	1	44	34	30	25	10453460
20150918	2	10455646	0	2290892	1	GEZ7	9839.5	9839	9838.5	9838	9837.5	21458	12257	532	422	278	9840	9840.5	9841	9841.5	9842	42	14167	15410	559	462	51	36	29	23	17	1	45	32	30	26	10455497
20150918	2	10455696	0	2290965	1	GEZ7	9839.5	9839	9838.5	9838	9837.5	21800	12142	532	422	278	9840	9840.5	9841	9841.5	9842	27	13846	15348	559	462	51	36	29	23	17	1	44	33	30	26	10455649
20150918	2	10455746	0	2291099	1	GEZ7	9839.5	9839	9838.5	9838	9837.5	22301	11946	497	412	278	9840	9840.5	9841	9841.5	9842	12	13021	15313	559	462	51	36	27	22	17	1	42	35	30	26	10455697
20150918	2	10459398	0	2293252	1	GEZ7	9839.5	9839	9838.5	9838	9837.5	20214	8831	532	422	278	9840	9840.5	9841	9841.5	9842	30	13090	16878	559	462	52	36	29	23	17	1	44	33	30	26	10459347
20150918	2	10494896	0	2302290	1	GEZ7	9839.5	9839	9838.5	9838	9837.5	17202	11768	532	422	278	9840	9840.5	9841	9841.5	9842	52	14575	14645	554	462	51	36	29	23	17	1	44	33	30	26	10494648
20150918	2	10494996	0	2302417	1	GEZ7	9839.5	9839	9838.5	9838	9837.5	17209	11768	532	422	278	9840	9840.5	9841	9841.5	9842	51	14575	14645	554	462	51	36	29	23	17	1	44	33	30	26	10494947
20150918	2	10509946	0	2307450	1	GEZ7	9839.5	9839	9838.5	9838	9837.5	21848	14065	532	422	278	9840	9840.5	9841	9841.5	9842	34	13576	15220	554	462	52	36	29	23	17	1	45	33	30	26	10509797
20150918	2	10522646	0	2310606	1	GEZ7	9840	9839.5	9839	9838.5	9838	26	18948	589	531	389	9840.5	9841	9841.5	9842	9842.5	17942	16462	574	457	935	52	35	28	22	17	49	36	31	25	19	10522599
20150918	2	10557596	0	2324362	1	GEZ7	9839.5	9839	9838.5	9838	9837.5	17465	9021	528	422	327	9840	9840.5	9841	9841.5	9842	153	19216	13642	525	456	52	36	28	23	19	10	52	32	28	26	10557550
20150918	2	10558846	0	2325052	1	GEZ7	9839.5	9839	9838.5	9838	9837.5	15371	8869	538	417	332	9840	9840.5	9841	9841.5	9842	218	21806	13046	485	449	51	35	29	22	20	13	52	32	27	25	10558597
20150918	2	10681296	0	2375941	1	GEZ7	9839.5	9839	9838.5	9838	9837.5	7	23606	11308	431	403	9840	9840.5	9841	9841.5	9842	12395	12386	537	478	357	1	45	31	24	21	43	32	32	29	18	10681247
20150918	2	10682346	0	2376727	1	GEZ7	9839	9838.5	9838	9837.5	9837	18969	11065	537	436	290	9839.5	9840	9840.5	9841	9841.5	93	8055	12129	537	478	45	32	30	22	17	1	43	30	32	29	10682197
20150918	2	10682803	0	2377069	1	GEZ7	9839	9838.5	9838	9837.5	9837	21464	10984	537	443	290	9839.5	9840	9840.5	9841	9841.5	40	7879	12114	537	478	51	32	30	23	17	1	43	30	32	29	10682766
20150918	2	10699096	0	2384908	1	GEZ7	9839.5	9839	9838.5	9838	9837.5	790	22069	9982	451	332	9840	9840.5	9841	9841.5	9842	4262	25326	537	472	367	28	42	31	25	20	37	35	32	28	20	10699047
20150918	2	10709367	0	2389014	1	GEZ7	9839.5	9839	9838.5	9838	9837.5	4409	21892	538	432	332	9840	9840.5	9841	9841.5	9842	546	20562	556	465	379	46	36	29	23	20	26	41	32	26	23	10709303
20150918	2	10716481	0	2393735	1	GEZ7	9839.5	9839	9838.5	9838	9837.5	15229	9514	532	437	323	9840	9840.5	9841	9841.5	9842	168	28257	10759	465	445	52	37	29	24	18	12	42	33	26	24	10716397
20150918	2	10716846	0	2394391	1	GEZ7	9840	9839.5	9839	9838.5	9838	31	13282	9000	531	404	9840.5	9841	9841.5	9842	9842.5	19612	11307	541	440	880	4	52	35	28	23	44	35	30	23	17	10716798
20150918	2	10717146	0	2394677	1	GEZ7	9839.5	9839	9838.5	9838	9837.5	13106	9191	532	437	313	9840	9840.5	9841	9841.5	9842	60	19593	11137	541	440	48	37	29	24	17	2	46	33	30	23	10716955
20150918	2	10717446	0	2394939	1	GEZ7	9839.5	9839	9838.5	9838	9837.5	13151	9220	532	437	313	9840	9840.5	9841	9841.5	9842	55	19480	11137	541	440	48	37	29	24	17	2	46	33	30	23	10717403
20150918	2	10717696	0	2395189	1	GEZ7	9839.5	9839	9838.5	9838	9837.5	18129	10241	532	437	313	9840	9840.5	9841	9841.5	9842	55	19140	12509	541	457	49	37	29	24	17	2	46	33	30	25	10717656
20150918	2	10718246	0	2395623	1	GEZ7	9839.5	9839	9838.5	9838	9837.5	18334	10261	532	437	313	9840	9840.5	9841	9841.5	9842	10	18425	12567	541	457	49	37	29	24	17	1	46	33	30	25	10718197
20150918	2	10777218	0	2422412	1	GEZ7	9839.5	9839	9838.5	9838	9837.5	12803	13492	542	432	318	9840	9840.5	9841	9841.5	9842	182	32145	9633	465	457	49	35	30	23	18	9	47	32	26	25	10777148
20150918	2	10777318	0	2422741	1	GEZ7	9839.5	9839	9838.5	9838	9837.5	14321	12602	542	432	318	9840	9840.5	9841	9841.5	9842	87	20345	9654	498	457	49	35	30	23	18	4	47	32	27	25	10777299
20150918	2	10784796	0	2426743	1	GEZ7	9840	9839.5	9839	9838.5	9838	44	21231	11754	531	404	9840.5	9841	9841.5	9842	9842.5	21478	10798	574	457	890	3	51	34	28	23	51	34	31	25	18	10784499
20150918	2	10789496	0	2428883	1	GEZ7	9840	9839.5	9839	9838.5	9838	38	22493	11811	531	404	9840.5	9841	9841.5	9842	9842.5	21715	10652	574	457	890	3	51	34	28	23	51	34	31	25	18	10789248
20150918	2	10789996	0	2429555	1	GEZ7	9839.5	9839	9838.5	9838	9837.5	13115	11752	532	437	313	9840	9840.5	9841	9841.5	9842	108	16889	556	558	457	46	36	29	24	17	6	54	32	29	25	10789951
20150918	2	10791496	0	2430459	1	GEZ7	9839.5	9839	9838.5	9838	9837.5	16945	12357	532	437	313	9840	9840.5	9841	9841.5	9842	70	17683	10268	558	457	48	36	29	24	17	3	55	32	29	25	10791400
20150918	2	10798246	0	2434096	1	GEZ7	9840	9839.5	9839	9838.5	9838	73	19889	11106	531	393	9840.5	9841	9841.5	9842	9842.5	19280	11198	568	463	879	5	48	34	28	23	52	33	29	27	18	10798201
20150918	2	10811446	0	2442070	1	GEZ7	9840	9839.5	9839	9838.5	9838	504	29039	560	456	306	9840.5	9841	9841.5	9842	9842.5	9702	23840	568	458	884	22	44	33	25	19	45	38	29	26	19	10811349
20150918	2	10818746	0	2447664	1	GEZ7	9840	9839.5	9839	9838.5	9838	277	26735	10716	456	316	9840.5	9841	9841.5	9842	9842.5	12805	12843	568	458	884	12	44	34	25	20	48	35	29	26	19	10818698
20150918	2	10822196	0	2448631	1	GEZ7	9840	9839.5	9839	9838.5	9838	179	27134	10805	456	316	9840.5	9841	9841.5	9842	9842.5	15564	12742	568	458	884	10	44	34	25	20	49	35	29	26	19	10821847
20150918	2	10827596	0	2449722	1	GEZ7	9840	9839.5	9839	9838.5	9838	104	27063	10805	456	346	9840.5	9841	9841.5	9842	9842.5	15775	12822	568	458	884	8	45	34	25	21	50	34	29	26	19	10827149
20150918	2	10832195	0	2450961	1	GEZ7	9840	9839.5	9839	9838.5	9838	49	25885	10805	456	346	9840.5	9841	9841.5	9842	9842.5	15925	12689	568	458	884	5	46	34	25	21	50	34	29	26	19	10831848
20150918	2	10835298	0	2451602	1	GEZ7	9840	9839.5	9839	9838.5	9838	4	26512	10830	456	353	9840.5	9841	9841.5	9842	9842.5	15844	12755	568	458	884	2	46	34	25	22	50	34	29	26	19	10834948
20150918	2	10835346	0	2451733	1	GEZ7	9839.5	9839	9838.5	9838	9837.5	24770	10958	456	353	268	9840	9840.5	9841	9841.5	9842	32	16696	12762	568	463	46	34	25	22	16	2	51	34	29	27	10835307
20150918	2	10837496	0	2453419	1	GEZ7	9840	9839.5	9839	9838.5	9838	8	21935	11221	531	353	9840.5	9841	9841.5	9842	9842.5	12510	12763	568	463	879	1	49	34	28	22	51	34	29	27	18	10837402
20150918	2	10845796	0	2458339	1	GEZ7	9839.5	9839	9838.5	9838	9837.5	25185	12024	532	386	268	9840	9840.5	9841	9841.5	9842	20	16495	11919	568	463	48	35	29	23	16	1	54	34	29	27	10845447
20150918	2	10846296	0	2458514	1	GEZ7	9839.5	9839	9838.5	9838	9837.5	25098	12024	532	386	268	9840	9840.5	9841	9841.5	9842	12	16794	11919	568	463	48	35	29	23	16	1	55	34	29	27	10845899
20150918	2	10849846	0	2460355	1	GEZ7	9839.5	9839	9838.5	9838	9837.5	23225	12369	532	386	268	9840	9840.5	9841	9841.5	9842	5	16310	11985	568	463	47	35	29	23	16	1	55	34	29	27	10849797
20150918	2	10850946	0	2461064	1	GEZ7	9839.5	9839	9838.5	9838	9837.5	24789	14667	532	386	268	9840	9840.5	9841	9841.5	9842	4	17023	11845	568	463	48	35	29	23	16	1	56	33	29	27	10850798
20150918	2	10946896	0	2509042	1	GEZ7	9839.5	9839	9838.5	9838	9837.5	19747	13606	517	362	248	9840	9840.5	9841	9841.5	9842	48	17226	10865	473	434	48	36	28	21	15	4	48	32	25	23	10946847
20150918	2	10974846	0	2516440	1	GEZ7	9839.5	9839	9838.5	9838	9837.5	14116	19489	517	362	248	9840	9840.5	9841	9841.5	9842	355	27083	10929	440	347	48	36	28	21	15	19	49	31	24	19	10974548
20150918	2	10974946	0	2516566	1	GEZ7	9839.5	9839	9838.5	9838	9837.5	14126	19492	517	362	248	9840	9840.5	9841	9841.5	9842	354	27083	10929	440	347	48	36	28	21	15	19	49	31	24	19	10974851
20150918	2	10985096	0	2523472	1	GEZ7	9839.5	9839	9838.5	9838	9837.5	4448	33864	523	357	257	9840	9840.5	9841	9841.5	9842	2607	35176	512	445	351	41	38	28	20	17	42	41	30	25	20	10984847
20150918	2	10994096	0	2526575	1	GEZ7	9839.5	9839	9838.5	9838	9837.5	4067	31090	523	357	257	9840	9840.5	9841	9841.5	9842	3579	32293	512	445	351	36	41	28	20	17	42	40	30	25	20	10993148
20150918	2	11016746	0	2535948	1	GEZ7	9839.5	9839	9838.5	9838	9837.5	5414	31865	523	357	257	9840	9840.5	9841	9841.5	9842	3423	32368	512	440	356	39	40	28	20	17	39	41	30	24	21	11016697
20150918	2	11099009	0	2576263	1	GEZ7	9839.5	9839	9838.5	9838	9837.5	1319	26551	553	361	267	9840	9840.5	9841	9841.5	9842	7385	30099	512	447	349	20	43	31	21	18	51	37	30	26	19	11098938
20150918	2	11099196	0	2576615	1	GEZ7	9839.5	9839	9838.5	9838	9837.5	250	23559	553	401	359	9840	9840.5	9841	9841.5	9842	11268	24380	512	447	349	5	46	31	22	22	49	36	30	26	19	11099171
20150918	2	11100513	0	2578279	1	GEZ7	9839.5	9839	9838.5	9838	9837.5	35	23632	553	401	359	9840	9840.5	9841	9841.5	9842	15068	29421	512	447	349	2	47	31	22	22	49	35	30	26	19	11100448
20150918	2	11100576	0	2578324	1	GEZ7	9839	9838.5	9838	9837.5	9837	22512	11345	506	392	225	9839.5	9840	9840.5	9841	9841.5	16	14522	617	511	457	44	32	27	23	14	1	52	33	29	28	11100518
20150918	2	11108246	0	2584580	1	GEZ7	9839	9838.5	9838	9837.5	9837	40578	13320	517	383	230	9840	9840.5	9841	9841.5	9842	18907	28836	512	453	339	51	31	29	21	15	55	36	30	27	17	11108148
20150918	2	11126646	0	2591893	1	GEZ7	9839.5	9839	9838.5	9838	9837.5	22	35356	551	507	352	9840	9840.5	9841	9841.5	9842	16062	35094	512	457	339	2	52	30	28	21	52	34	30	28	17	11126298
20150918	2	11128646	0	2592081	1	GEZ7	9839.5	9839	9838.5	9838	9837.5	10	34650	551	507	352	9840	9840.5	9841	9841.5	9842	16072	35109	512	457	339	1	52	30	28	21	53	34	30	28	17	11128447
20150918	2	11130896	0	2593383	1	GEZ7	9839.5	9839	9838.5	9838	9837.5	5	27783	551	507	359	9840	9840.5	9841	9841.5	9842	19655	29080	512	457	339	53	30	28	22	14	52	34	30	28	17	11130847
20150918	2	11157096	0	2608969	1	GEZ7	9839.5	9839	9838.5	9838	9837.5	8	32869	551	451	404	9840	9840.5	9841	9841.5	9842	15644	34438	512	447	349	1	48	30	25	23	52	33	30	26	19	11156950
20150918	2	11160396	0	2610184	1	GEZ7	9839.5	9839	9838.5	9838	9837.5	7	32444	551	451	404	9840	9840.5	9841	9841.5	9842	15405	35300	512	447	349	1	48	30	25	23	52	33	30	26	19	11160247
20150918	2	11176396	0	2619389	1	GEZ7	9839.5	9839	9838.5	9838	9837.5	4	31481	13398	492	404	9840	9840.5	9841	9841.5	9842	24221	28544	512	447	349	1	50	30	27	23	51	33	30	26	19	11176303
20150918	2	11178446	0	2620492	1	GEZ7	9839.5	9839	9838.5	9838	9837.5	2	31613	13914	492	404	9840	9840.5	9841	9841.5	9842	23847	26874	512	447	349	1	50	30	27	23	52	33	30	26	19	11178347
20150918	2	11178946	0	2621234	1	GEZ7	9839	9838.5	9838	9837.5	9837	15560	15430	517	428	270	9839.5	9840	9840.5	9841	9841.5	171	23736	21852	423	426	46	31	29	22	15	10	51	33	26	24	11178851
20150918	2	11183396	0	2623989	1	GEZ7	9839	9838.5	9838	9837.5	9837	17968	30069	517	428	270	9839.5	9840	9840.5	9841	9841.5	251	31689	19240	423	381	52	31	29	22	15	15	50	32	26	22	11183047
20150918	2	11190646	0	2627767	1	GEZ7	9839	9838.5	9838	9837.5	9837	19126	30396	517	428	270	9839.5	9840	9840.5	9841	9841.5	704	32878	618	415	341	51	32	29	22	15	21	44	32	25	21	11190598
20150918	2	11205646	0	2632411	1	GEZ7	9839	9838.5	9838	9837.5	9837	21097	26919	517	428	270	9839.5	9840	9840.5	9841	9841.5	140	32252	19685	415	411	52	31	29	22	15	9	46	32	25	23	11205247
20150918	2	11205746	0	2632546	1	GEZ7	9839	9838.5	9838	9837.5	9837	20871	27076	517	428	270	9839.5	9840	9840.5	9841	9841.5	224	32328	19820	415	411	52	31	29	22	15	13	46	32	25	23	11205697
20150918	2	11206946	0	2632888	1	GEZ7	9839	9838.5	9838	9837.5	9837	21025	29500	517	428	270	9839.5	9840	9840.5	9841	9841.5	205	32639	18621	415	411	52	31	29	22	15	12	46	32	25	23	11206698
20150918	2	11210846	0	2634571	1	GEZ7	9839	9838.5	9838	9837.5	9837	23394	26106	507	437	270	9839.5	9840	9840.5	9841	9841.5	21	27133	19220	448	422	51	32	28	24	15	3	45	31	26	25	11210397
20150918	2	11210896	0	2634653	1	GEZ7	9839	9838.5	9838	9837.5	9837	24140	26411	507	437	270	9839.5	9840	9840.5	9841	9841.5	8	26244	19255	448	422	52	32	28	24	15	2	45	31	26	25	11210848
20150918	2	11216196	0	2639307	1	GEZ7	9839.5	9839	9838.5	9838	9837.5	30	33283	551	451	394	9840	9840.5	9841	9841.5	9842	16141	22749	524	422	349	5	52	30	25	22	49	32	30	24	19	11216149
20150918	2	11219546	0	2641181	1	GEZ7	9839.5	9839	9838.5	9838	9837.5	5	33335	551	451	404	9840	9840.5	9841	9841.5	9842	16766	26185	524	422	349	1	52	30	25	23	50	32	30	24	19	11219498
20150918	2	11219646	0	2641325	1	GEZ7	9839.5	9839	9838.5	9838	9837.5	5	33999	15972	507	437	9840	9840.5	9841	9841.5	9842	12651	24155	524	422	349	1	51	30	28	24	49	32	30	24	19	11219598
20150918	2	11219696	0	2641347	1	GEZ7	9839	9838.5	9838	9837.5	9837	34251	15973	492	437	270	9840	9840.5	9841	9841.5	9842	12710	24139	524	422	349	50	32	27	24	15	50	32	30	24	19	11219647
20150918	2	11219746	0	2641462	1	GEZ7	9839	9838.5	9838	9837.5	9837	34205	15972	492	437	270	9839.5	9840	9840.5	9841	9841.5	4	12850	24140	523	422	50	32	27	24	15	1	51	32	29	24	11219704
20150918	2	11219796	0	2641548	1	GEZ7	9839	9838.5	9838	9837.5	9837	34249	15969	477	437	270	9840	9840.5	9841	9841.5	9842	12651	20555	524	422	349	49	32	26	24	15	50	32	30	24	19	11219753
20150918	2	11219896	0	2641700	1	GEZ7	9839	9838.5	9838	9837.5	9837	34224	15961	470	430	270	9839.5	9840	9840.5	9841	9841.5	12	13060	20253	523	422	48	31	25	23	15	1	51	31	29	24	11219853
20150918	2	11219996	0	2641851	1	GEZ7	9839	9838.5	9838	9837.5	9837	32033	16384	470	430	270	9839.5	9840	9840.5	9841	9841.5	86	13267	20688	523	422	48	31	25	23	15	2	51	31	29	24	11219949
20150918	2	11220110	0	2641949	1	GEZ7	9839	9838.5	9838	9837.5	9837	27749	15705	470	430	270	9839.5	9840	9840.5	9841	9841.5	87	14430	20543	523	422	48	31	25	23	15	3	51	31	29	24	11220048
20150918	2	11220167	0	2642154	1	GEZ7	9839	9838.5	9838	9837.5	9837	20552	17935	470	426	270	9839.5	9840	9840.5	9841	9841.5	145	16204	618	490	421	48	31	25	22	15	6	51	32	28	24	11220120
20150918	2	11220246	0	2642338	1	GEZ7	9839	9838.5	9838	9837.5	9837	20561	17552	480	421	275	9839.5	9840	9840.5	9841	9841.5	145	17128	618	490	421	48	30	26	21	16	6	51	32	28	24	11220203
20150918	2	11220346	0	2642488	1	GEZ7	9839	9838.5	9838	9837.5	9837	17732	16535	480	421	275	9839.5	9840	9840.5	9841	9841.5	131	17455	614	490	425	48	30	26	21	16	5	51	31	28	25	11220304
20150918	2	11221846	0	2643978	1	GEZ7	9839	9838.5	9838	9837.5	9837	17317	19739	480	421	275	9839.5	9840	9840.5	9841	9841.5	101	22187	15868	490	425	49	30	26	21	16	5	51	31	28	25	11221699
20150918	2	11223596	0	2645917	1	GEZ7	9839	9838.5	9838	9837.5	9837	19903	21710	500	430	270	9839.5	9840	9840.5	9841	9841.5	52	21063	18557	490	425	51	31	27	23	15	3	51	31	28	25	11223447
20150918	2	11223746	0	2646106	1	GEZ7	9839	9838.5	9838	9837.5	9837	19896	21705	500	430	270	9839.5	9840	9840.5	9841	9841.5	126	21063	18607	490	425	51	31	27	23	15	4	51	31	28	25	11223600
20150918	2	11223846	0	2646253	1	GEZ7	9839	9838.5	9838	9837.5	9837	19781	22403	500	430	270	9839.5	9840	9840.5	9841	9841.5	126	21005	18727	490	425	51	31	27	23	15	4	51	31	28	25	11223750
20150918	2	11223946	0	2646370	1	GEZ7	9839	9838.5	9838	9837.5	9837	19727	22403	500	430	270	9839.5	9840	9840.5	9841	9841.5	126	21005	18727	490	425	51	31	27	23	15	4	51	31	28	25	11223899
20150918	2	11224046	0	2646433	1	GEZ7	9839	9838.5	9838	9837.5	9837	19341	22286	500	430	270	9839.5	9840	9840.5	9841	9841.5	126	21005	18727	490	425	51	31	27	23	15	4	51	31	28	25	11223997
20150918	2	11224846	0	2646815	1	GEZ7	9839	9838.5	9838	9837.5	9837	20883	26296	500	430	270	9839.5	9840	9840.5	9841	9841.5	52	21867	19445	490	425	51	31	27	23	15	3	51	31	28	25	11224747
20150918	2	11225196	0	2647155	1	GEZ7	9839	9838.5	9838	9837.5	9837	20986	26324	500	430	270	9839.5	9840	9840.5	9841	9841.5	49	21868	19276	490	425	51	31	27	23	15	3	51	31	28	25	11225151
20150918	2	11227146	0	2648030	1	GEZ7	9839	9838.5	9838	9837.5	9837	21795	27403	500	430	270	9839.5	9840	9840.5	9841	9841.5	48	22069	18896	490	425	51	31	27	23	15	3	51	31	28	25	11227100
20150918	2	11227246	0	2648074	1	GEZ7	9839	9838.5	9838	9837.5	9837	21788	27403	500	430	270	9839.5	9840	9840.5	9841	9841.5	122	22069	18947	490	425	51	31	27	23	15	4	51	31	28	25	11227197
20150918	2	11227346	0	2648091	1	GEZ7	9839	9838.5	9838	9837.5	9837	21805	27403	500	430	270	9839.5	9840	9840.5	9841	9841.5	122	22069	18947	490	425	51	31	27	23	15	4	51	31	28	25	11227248
20150918	2	11227446	0	2648149	1	GEZ7	9839	9838.5	9838	9837.5	9837	21809	27403	500	430	270	9839.5	9840	9840.5	9841	9841.5	122	22152	18947	490	425	51	31	27	23	15	4	51	31	28	25	11227351
20150918	2	11227496	0	2648188	1	GEZ7	9839	9838.5	9838	9837.5	9837	21802	27403	500	430	270	9839.5	9840	9840.5	9841	9841.5	122	22152	19107	490	425	51	31	27	23	15	4	51	31	28	25	11227447
20150918	2	11231046	0	2650622	1	GEZ7	9839	9838.5	9838	9837.5	9837	18802	28412	500	430	270	9839.5	9840	9840.5	9841	9841.5	48	26358	19993	490	425	51	31	27	23	15	3	51	31	28	25	11230898
20150918	2	11231146	0	2650826	1	GEZ7	9839	9838.5	9838	9837.5	9837	18668	28412	500	430	270	9839.5	9840	9840.5	9841	9841.5	217	26403	20136	450	425	51	31	27	23	15	7	51	31	27	25	11231100
20150918	2	11231196	0	2650846	1	GEZ7	9839	9838.5	9838	9837.5	9837	18661	28412	500	430	270	9839.5	9840	9840.5	9841	9841.5	217	26725	19911	450	425	50	31	27	23	15	7	51	31	27	25	11231147
20150918	2	11231296	0	2651000	1	GEZ7	9839	9838.5	9838	9837.5	9837	18535	28174	500	430	270	9839.5	9840	9840.5	9841	9841.5	232	27031	19898	435	425	49	31	27	23	15	8	51	31	26	25	11231256
20150918	2	11231396	0	2651116	1	GEZ7	9839	9838.5	9838	9837.5	9837	18533	24542	500	430	270	9839.5	9840	9840.5	9841	9841.5	122	26987	19667	435	415	49	31	27	23	15	4	51	31	26	23	11231349
20150918	2	11231496	0	2651215	1	GEZ7	9839	9838.5	9838	9837.5	9837	19560	24542	500	430	270	9839.5	9840	9840.5	9841	9841.5	122	26925	20680	435	415	49	31	27	23	15	4	51	31	26	23	11231450
20150918	2	11231546	0	2651311	1	GEZ7	9839	9838.5	9838	9837.5	9837	18870	20497	500	430	270	9839.5	9840	9840.5	9841	9841.5	167	24296	20820	435	415	49	31	27	23	15	5	51	31	26	23	11231505
20150918	2	11231646	0	2651327	1	GEZ7	9839	9838.5	9838	9837.5	9837	18889	21007	500	430	270	9839.5	9840	9840.5	9841	9841.5	93	24167	20820	435	415	49	31	27	23	15	4	51	31	26	23	11231548
20150918	2	11231746	0	2651513	1	GEZ7	9839	9838.5	9838	9837.5	9837	18992	20748	500	430	270	9839.5	9840	9840.5	9841	9841.5	93	24184	20820	435	415	49	31	27	23	15	4	51	31	26	23	11231701
20150918	2	11231846	0	2651564	1	GEZ7	9839	9838.5	9838	9837.5	9837	18985	20748	500	430	270	9839.5	9840	9840.5	9841	9841.5	93	24114	20820	435	415	49	31	27	23	15	4	51	31	26	23	11231749
20150918	2	11235846	0	2653873	1	GEZ7	9839	9838.5	9838	9837.5	9837	22251	29187	500	430	270	9839.5	9840	9840.5	9841	9841.5	93	25931	18334	435	415	50	31	27	23	15	4	51	31	26	23	11235798
20150918	2	11235896	0	2653962	1	GEZ7	9839	9838.5	9838	9837.5	9837	19278	29187	500	430	270	9839.5	9840	9840.5	9841	9841.5	103	25956	18334	435	415	48	31	27	23	15	5	51	31	26	23	11235850
20150918	2	11241146	0	2656516	1	GEZ7	9839	9838.5	9838	9837.5	9837	23522	29807	500	430	270	9839.5	9840	9840.5	9841	9841.5	143	26518	20008	435	415	50	31	27	23	15	5	48	31	26	23	11240898
20150918	2	11241246	0	2656686	1	GEZ7	9839	9838.5	9838	9837.5	9837	23515	29484	500	430	270	9839.5	9840	9840.5	9841	9841.5	143	26518	20008	435	415	50	31	27	23	15	5	48	31	26	23	11241201
20150918	2	11241346	0	2656701	1	GEZ7	9839	9838.5	9838	9837.5	9837	23508	29484	500	430	270	9839.5	9840	9840.5	9841	9841.5	143	26518	20008	435	415	50	31	27	23	15	5	48	31	26	23	11241247
20150918	2	11241396	0	2656737	1	GEZ7	9839	9838.5	9838	9837.5	9837	23501	29484	500	430	270	9839.5	9840	9840.5	9841	9841.5	143	26518	20008	435	415	50	31	27	23	15	5	48	31	26	23	11241348
20150918	2	11241496	0	2656811	1	GEZ7	9839	9838.5	9838	9837.5	9837	23494	29484	500	430	270	9839.5	9840	9840.5	9841	9841.5	143	26550	20033	435	415	50	31	27	23	15	5	48	31	26	23	11241449
20150918	2	11261996	0	2661244	1	GEZ7	9839	9838.5	9838	9837.5	9837	21387	28279	500	430	270	9839.5	9840	9840.5	9841	9841.5	175	27692	19533	435	425	51	31	27	23	15	8	49	31	26	25	11261798
20150918	2	11397597	0	2698046	1	GEZ7	9839	9838.5	9838	9837.5	9837	4436	32066	510	421	275	9839.5	9840	9840.5	9841	9841.5	5316	40424	515	415	341	46	35	28	21	16	36	43	30	25	21	11397557
20150918	2	11397646	0	2698138	1	GEZ7	9839	9838.5	9838	9837.5	9837	3339	30195	510	421	275	9839.5	9840	9840.5	9841	9841.5	5425	41264	515	415	341	40	35	28	21	16	36	42	30	25	21	11397607
20150918	2	11398696	0	2699375	1	GEZ7	9839	9838.5	9838	9837.5	9837	362	25302	544	421	315	9839.5	9840	9840.5	9841	9841.5	12942	24507	515	415	341	16	43	31	21	18	46	35	30	25	21	11398647
20150918	2	11406996	0	2704678	1	GEZ7	9839	9838.5	9838	9837.5	9837	115	33765	540	421	319	9839.5	9840	9840.5	9841	9841.5	26176	24658	516	406	343	6	44	30	21	19	49	36	29	26	21	11406947
20150918	2	11414146	0	2706928	1	GEZ7	9839	9838.5	9838	9837.5	9837	42	25759	540	421	319	9839.5	9840	9840.5	9841	9841.5	25535	20678	516	416	288	2	45	30	21	19	49	36	29	28	18	11414098
20150918	2	11414196	0	2706951	1	GEZ7	9838.5	9838	9837.5	9837	9836.5	28193	12945	527	319	250	9839	9839.5	9840	9840.5	9841	24	22110	20622	475	371	51	32	27	19	10	1	51	35	27	24	11414149
20150918	2	11421996	0	2711928	1	GEZ7	9839	9838.5	9838	9837.5	9837	132	42330	8320	526	289	9839.5	9840	9840.5	9841	9841.5	20190	30888	516	391	298	8	53	30	26	19	48	36	29	23	20	11421904
20150918	2	11430946	0	2718007	1	GEZ7	9839	9838.5	9838	9837.5	9837	6	27624	13244	527	289	9839.5	9840	9840.5	9841	9841.5	25665	23507	516	401	288	2	54	30	27	19	48	36	29	25	18	11430699
20150918	2	11436396	0	2721500	1	GEZ7	9839	9838.5	9838	9837.5	9837	100	26244	11949	527	289	9839.5	9840	9840.5	9841	9841.5	25505	23754	516	401	288	1	52	28	27	19	49	36	29	25	18	11436348
20150918	2	11443046	0	2726708	1	GEZ7	9839	9838.5	9838	9837.5	9837	61	25016	14116	548	291	9839.5	9840	9840.5	9841	9841.5	26346	19684	516	394	266	1	50	28	30	19	53	34	29	26	15	11442898
20150918	2	11444846	0	2728745	1	GEZ7	9838.5	9838	9837.5	9837	9836.5	22658	12965	548	291	310	9839	9839.5	9840	9840.5	9841	25	22966	21555	515	394	48	30	30	19	13	2	54	33	28	26	11444798
20150918	2	11454846	0	2734416	1	GEZ7	9838.5	9838	9837.5	9837	9836.5	22386	12392	548	291	310	9839	9839.5	9840	9840.5	9841	37	28194	15861	482	394	52	31	30	19	13	2	55	33	27	26	11454798
20150918	2	11454946	0	2734525	1	GEZ7	9838.5	9838	9837.5	9837	9836.5	22404	12392	548	291	310	9839	9839.5	9840	9840.5	9841	33	28184	15871	482	394	52	31	30	19	13	2	55	33	27	26	11454897
20150918	2	11458046	0	2735960	1	GEZ7	9838.5	9838	9837.5	9837	9836.5	24030	12311	548	291	310	9839	9839.5	9840	9840.5	9841	33	30353	15664	482	394	52	31	30	19	13	2	55	33	27	26	11457800
20150918	2	11468946	0	2740356	1	GEZ7	9838.5	9838	9837.5	9837	9836.5	21533	12347	548	291	310	9839	9839.5	9840	9840.5	9841	37	28952	19885	482	394	51	31	30	19	13	2	55	33	27	26	11468048
20150918	2	11476996	0	2743355	1	GEZ7	9839	9838.5	9838	9837.5	9837	48	22816	10924	548	291	9839.5	9840	9840.5	9841	9841.5	31744	20115	483	394	256	1	54	28	30	19	53	34	28	26	14	11476498
20150918	2	11480996	0	2744503	1	GEZ7	9839	9838.5	9838	9837.5	9837	100	21157	11742	548	291	9839.5	9840	9840.5	9841	9841.5	30221	20911	483	394	256	1	54	28	30	19	53	33	28	26	14	11480597
20150918	2	11481096	0	2744530	1	GEZ7	9839	9838.5	9838	9837.5	9837	53	21147	11716	548	291	9839.5	9840	9840.5	9841	9841.5	30678	20911	443	387	256	1	54	28	30	19	53	33	27	25	14	11480998
20150918	2	11489746	0	2747454	1	GEZ7	9839	9838.5	9838	9837.5	9837	46	21580	11067	548	291	9839.5	9840	9840.5	9841	9841.5	30235	20010	483	394	256	1	53	29	30	19	54	32	28	26	14	11489699
20150918	2	11491446	0	2747818	1	GEZ7	9839	9838.5	9838	9837.5	9837	36	21841	11073	548	291	9839.5	9840	9840.5	9841	9841.5	30235	20010	483	394	256	1	53	29	30	19	54	32	28	26	14	11490899
20150918	2	11493746	0	2748474	1	GEZ7	9839	9838.5	9838	9837.5	9837	29	21579	10992	548	291	9839.5	9840	9840.5	9841	9841.5	30241	20009	483	394	256	1	53	29	30	19	54	32	28	26	14	11493548
20150918	2	11496396	0	2750057	1	GEZ7	9839	9838.5	9838	9837.5	9837	15	25006	11475	548	291	9839.5	9840	9840.5	9841	9841.5	29085	20033	483	394	256	1	54	28	30	19	53	33	28	26	14	11496199
20150918	2	11497946	0	2750387	1	GEZ7	9839	9838.5	9838	9837.5	9837	8	24807	11759	548	291	9839.5	9840	9840.5	9841	9841.5	29615	20593	483	394	256	1	54	28	30	19	53	33	28	26	14	11497547
20150918	2	11500896	0	2752297	1	GEZ7	9839	9838.5	9838	9837.5	9837	272	23350	14223	479	249	9839.5	9840	9840.5	9841	9841.5	15850	19658	483	387	263	9	54	29	26	17	50	33	28	24	16	11500849
20150918	2	11504146	0	2754958	1	GEZ7	9839	9838.5	9838	9837.5	9837	898	29724	537	458	249	9839.5	9840	9840.5	9841	9841.5	14202	33919	483	377	273	18	51	29	24	17	50	33	28	22	18	11503998
20150918	2	11507046	0	2756377	1	GEZ7	9839	9838.5	9838	9837.5	9837	990	30141	537	458	249	9839.5	9840	9840.5	9841	9841.5	13443	35697	483	377	273	18	48	29	24	17	49	33	28	22	18	11506497
20150918	2	11509496	0	2757469	1	GEZ7	9839	9838.5	9838	9837.5	9837	1520	30561	537	425	249	9839.5	9840	9840.5	9841	9841.5	12870	36557	483	377	273	23	46	29	23	17	49	33	28	22	18	11509448
20150918	2	11512746	0	2758671	1	GEZ7	9839	9838.5	9838	9837.5	9837	1410	33583	537	425	249	9839.5	9840	9840.5	9841	9841.5	14921	38459	483	377	273	21	47	29	23	17	50	33	28	22	18	11512648
20150918	2	11515546	0	2761663	1	GEZ7	9839	9838.5	9838	9837.5	9837	4894	31114	517	425	245	9839.5	9840	9840.5	9841	9841.5	3254	29079	483	375	271	37	39	29	23	16	38	39	28	21	18	11515499
20150918	2	11521646	0	2765908	1	GEZ7	9839	9838.5	9838	9837.5	9837	7804	32416	517	425	245	9839.5	9840	9840.5	9841	9841.5	3446	37280	483	375	271	40	37	29	23	16	36	40	28	21	18	11521597
20150918	2	11543996	0	2772029	1	GEZ7	9839	9838.5	9838	9837.5	9837	13185	36117	517	425	245	9839.5	9840	9840.5	9841	9841.5	1687	38152	507	375	271	45	35	29	23	16	27	42	29	21	18	11543699
20150918	2	11560952	0	2777480	1	GEZ7	9839	9838.5	9838	9837.5	9837	18659	24474	507	434	240	9839.5	9840	9840.5	9841	9841.5	65	25866	14756	375	427	48	35	28	25	15	5	44	30	21	24	11560899
20150918	2	11694846	0	2831920	1	GEZ7	9839	9838.5	9838	9837.5	9837	17412	29571	510	404	240	9839.5	9840	9840.5	9841	9841.5	112	33717	539	480	400	51	34	28	23	15	7	52	29	26	25	11694798
20150918	2	11814896	0	2874419	1	GEZ7	9839	9838.5	9838	9837.5	9837	18376	30674	511	395	245	9839.5	9840	9840.5	9841	9841.5	827	30545	523	445	356	47	36	29	21	16	16	41	29	24	23	11814148
20150918	2	11882174	0	2892192	1	GEZ7	9839	9838.5	9838	9837.5	9837	19684	28913	501	404	240	9839.5	9840	9840.5	9841	9841.5	7	24508	12001	441	397	50	34	28	23	15	2	46	29	24	24	11882154
20150918	2	11894847	0	2898600	1	GEZ7	9839	9838.5	9838	9837.5	9837	26900	29170	501	404	240	9839.5	9840	9840.5	9841	9841.5	1	23785	16220	441	397	50	34	28	23	15	1	44	32	24	24	11894399
20150918	2	11934846	0	2914055	1	GEZ7	9839	9838.5	9838	9837.5	9837	22150	32813	511	395	245	9839.5	9840	9840.5	9841	9841.5	443	30709	523	460	396	47	36	29	21	16	10	49	29	25	24	11934598
20150918	2	12055799	0	2955887	1	GEZ7	9839	9838.5	9838	9837.5	9837	8333	38646	511	395	245	9839.5	9840	9840.5	9841	9841.5	2903	32686	499	405	316	37	41	29	21	16	31	42	28	23	21	12055748
20150918	2	12055800	0	2955887	1	GEZ7	9839	9838.5	9838	9837.5	9837	8333	38646	511	395	245	9839.5	9840	9840.5	9841	9841.5	2903	32686	499	405	316	37	41	29	21	16	31	42	28	23	21	12055748
20150918	2	12055848	0	2955960	1	GEZ7	9839	9838.5	9838	9837.5	9837	6700	36289	511	395	245	9839.5	9840	9840.5	9841	9841.5	2903	28676	499	405	316	36	41	29	21	16	31	42	28	23	21	12055806
20150918	2	12056088	0	2956505	1	GEZ7	9839	9838.5	9838	9837.5	9837	1071	10681	531	431	296	9839.5	9840	9840.5	9841	9841.5	8893	24631	499	407	318	15	44	29	22	19	46	38	28	24	21	12056007
20150918	2	12056089	0	2956505	1	GEZ7	9839	9838.5	9838	9837.5	9837	1071	10681	531	431	296	9839.5	9840	9840.5	9841	9841.5	8893	24631	499	407	318	15	44	29	22	19	46	38	28	24	21	12056007
20150918	2	12056181	0	2956708	1	GEZ7	9839	9838.5	9838	9837.5	9837	381	9205	531	431	296	9839.5	9840	9840.5	9841	9841.5	10586	22398	499	407	318	6	41	29	22	19	48	38	28	24	21	12056098
20150918	2	12056278	0	2956794	1	GEZ7	9839	9838.5	9838	9837.5	9837	103	8242	531	431	296	9839.5	9840	9840.5	9841	9841.5	19122	26818	499	375	318	3	42	29	22	19	47	35	28	21	21	12056183
20150918	2	12056329	0	2956938	1	GEZ7	9839	9838.5	9838	9837.5	9837	10	7749	531	431	296	9839.5	9840	9840.5	9841	9841.5	21258	16413	484	360	318	2	42	29	22	19	47	35	27	20	21	12056280
20150918	2	12056363	0	2957148	1	GEZ7	9838.5	9838	9837.5	9837	9836.5	8968	8501	528	296	228	9839	9839.5	9840	9840.5	9841	89	18213	16001	443	295	42	31	28	19	10	3	45	34	25	19	12056340
20150918	2	12056496	0	2957733	1	GEZ7	9838.5	9838	9837.5	9837	9836.5	8426	9536	528	296	260	9839	9839.5	9840	9840.5	9841	310	16215	14487	407	300	42	31	28	19	11	9	45	33	24	20	12056474
20150918	2	12058246	0	2960378	1	GEZ7	9838.5	9838	9837.5	9837	9836.5	8130	15547	542	331	265	9839	9839.5	9840	9840.5	9841	1467	21792	911	432	310	48	30	30	20	12	20	40	32	25	21	12058210
20150918	2	12058696	0	2961053	1	GEZ7	9838.5	9838	9837.5	9837	9836.5	9707	15847	528	336	270	9839	9839.5	9840	9840.5	9841	264	19924	935	432	300	52	31	28	21	12	15	42	33	25	19	12058647
20150918	2	12064860	0	2965136	1	GEZ7	9838.5	9838	9837.5	9837	9836.5	15454	20667	528	336	270	9839	9839.5	9840	9840.5	9841	170	29092	997	432	337	55	31	28	21	12	10	41	34	25	21	12064748
20150918	2	12064896	0	2965176	1	GEZ7	9838.5	9838	9837.5	9837	9836.5	15442	14078	517	332	270	9839	9839.5	9840	9840.5	9841	23	28046	12138	432	335	53	31	27	20	12	6	40	35	25	20	12064864
20150918	2	12065696	0	2966100	1	GEZ7	9838.5	9838	9837.5	9837	9836.5	16845	14089	517	332	270	9839	9839.5	9840	9840.5	9841	10	22997	11739	432	335	53	31	27	20	12	3	40	35	25	20	12065647
20150918	2	12068096	0	2968199	1	GEZ7	9839	9838.5	9838	9837.5	9837	41	17074	14027	517	332	9839.5	9840	9840.5	9841	9841.5	24208	17488	488	335	316	1	52	29	27	20	44	36	28	20	21	12068096
20150918	2	12133896	0	2989738	1	GEZ7	9838.5	9838	9837.5	9837	9836.5	14987	23757	497	311	260	9839	9839.5	9840	9840.5	9841	167	36924	917	467	295	52	28	25	19	11	9	42	30	25	19	12133348
20150918	2	12133946	0	2989856	1	GEZ7	9838.5	9838	9837.5	9837	9836.5	15342	23703	497	311	260	9839	9839.5	9840	9840.5	9841	119	36916	13257	467	292	52	28	25	19	11	6	42	30	25	18	12133909
20150918	2	12133998	0	2989956	1	GEZ7	9838.5	9838	9837.5	9837	9836.5	13435	14601	497	307	260	9839	9839.5	9840	9840.5	9841	39	34243	13129	467	323	50	29	25	18	11	2	41	31	25	17	12133960
20150918	2	12134096	0	2990116	1	GEZ7	9838.5	9838	9837.5	9837	9836.5	13598	14553	497	307	260	9839	9839.5	9840	9840.5	9841	32	34208	13129	467	323	50	29	25	18	11	1	41	31	25	17	12134049
20150918	2	12143246	0	2995478	1	GEZ7	9839	9838.5	9838	9837.5	9837	126	23267	509	496	307	9839.5	9840	9840.5	9841	9841.5	23725	23299	468	360	296	52	27	24	18	11	43	32	26	19	19	12143047
20150918	2	12143324	0	2995669	1	GEZ7	9839	9838.5	9838	9837.5	9837	97	22172	509	496	307	9839.5	9840	9840.5	9841	9841.5	24858	23156	468	360	296	52	27	24	18	11	44	31	26	19	19	12143258
20150918	2	12255146	0	3030989	1	GEZ7	9838.5	9838	9837.5	9837	9836.5	15860	26637	497	311	260	9839	9839.5	9840	9840.5	9841	36	32372	917	433	362	58	28	25	19	11	6	40	30	23	20	12255097
20150918	2	12260346	0	3033859	1	GEZ7	9838.5	9838	9837.5	9837	9836.5	14579	29023	497	311	260	9839	9839.5	9840	9840.5	9841	99	31245	923	433	362	58	28	25	19	11	9	38	31	23	20	12260149
20150918	2	12458146	0	3106913	1	GEZ7	9838.5	9838	9837.5	9837	9836.5	5937	34247	497	311	260	9839	9839.5	9840	9840.5	9841	1645	30376	605	397	307	42	29	25	19	11	24	33	29	22	19	12458109
20150918	2	12458147	0	3106913	1	GEZ7	9838.5	9838	9837.5	9837	9836.5	5937	34247	497	311	260	9839	9839.5	9840	9840.5	9841	1645	30376	605	397	307	42	29	25	19	11	24	33	29	22	19	12458109
20150918	2	12458446	0	3107527	1	GEZ7	9838.5	9838	9837.5	9837	9836.5	10412	27620	497	307	260	9839	9839.5	9840	9840.5	9841	491	25264	663	433	375	47	29	25	18	11	5	37	29	23	20	12458402
20150918	2	12715696	0	3201291	1	GEZ7	9838.5	9838	9837.5	9837	9836.5	20771	28709	497	307	260	9839	9839.5	9840	9840.5	9841	620	28617	663	433	375	50	29	25	18	11	3	36	29	23	20	12715654
20150918	2	12757246	0	3208355	1	GEZ7	9838.5	9838	9837.5	9837	9836.5	19502	26340	497	307	260	9839	9839.5	9840	9840.5	9841	618	28821	663	433	375	50	29	25	18	11	2	36	29	23	20	12756197
20150918	2	12757296	0	3208501	1	GEZ7	9838.5	9838	9837.5	9837	9836.5	19848	25196	497	307	260	9839	9839.5	9840	9840.5	9841	566	23684	663	433	375	50	29	25	18	11	2	36	29	23	20	12757257
20150918	2	12757348	0	3208534	1	GEZ7	9838.5	9838	9837.5	9837	9836.5	21002	25187	445	290	256	9839	9839.5	9840	9840.5	9841	250	17012	663	429	375	50	29	23	16	10	1	37	29	22	20	12757297
20150918	2	12757396	0	3208661	1	GEZ7	9838.5	9838	9837.5	9837	9836.5	22293	25557	445	290	256	9839	9839.5	9840	9840.5	9841	170	12231	663	429	375	50	29	23	16	10	1	37	29	22	20	12757349
20150918	2	12757455	0	3208762	1	GEZ7	9838.5	9838	9837.5	9837	9836.5	22999	25091	445	290	256	9839	9839.5	9840	9840.5	9841	152	10230	663	429	375	50	29	23	16	10	1	37	29	22	20	12757401
20150918	2	12757496	0	3208924	1	GEZ7	9838.5	9838	9837.5	9837	9836.5	23042	25103	450	285	256	9839	9839.5	9840	9840.5	9841	140	9673	663	429	375	51	28	24	15	10	1	37	29	22	20	12757461
20150918	2	12757546	0	3209014	1	GEZ7	9838.5	9838	9837.5	9837	9836.5	24094	24783	450	285	256	9839	9839.5	9840	9840.5	9841	139	9607	663	429	375	50	28	24	15	10	1	37	29	22	20	12757504
20150918	2	12757646	0	3209185	1	GEZ7	9838.5	9838	9837.5	9837	9836.5	25631	24709	450	285	256	9839	9839.5	9840	9840.5	9841	106	9490	663	429	375	49	28	24	15	10	1	37	29	22	20	12757601
20150918	2	12757796	0	3209352	1	GEZ7	9838.5	9838	9837.5	9837	9836.5	25631	25907	450	285	256	9839	9839.5	9840	9840.5	9841	101	9480	663	429	375	49	28	24	15	10	1	37	29	22	20	12757750
20150918	2	12758246	0	3209699	1	GEZ7	9838.5	9838	9837.5	9837	9836.5	21699	25903	450	285	256	9839	9839.5	9840	9840.5	9841	93	9415	663	429	375	49	28	24	15	10	1	37	29	22	20	12758049
20150918	2	12759246	0	3210718	1	GEZ7	9838.5	9838	9837.5	9837	9836.5	19578	26496	451	295	256	9839	9839.5	9840	9840.5	9841	50	9455	10701	429	375	47	27	25	16	10	1	37	29	22	20	12759099
20150918	2	12759296	0	3210768	1	GEZ7	9838.5	9838	9837.5	9837	9836.5	19583	26503	451	302	256	9839	9839.5	9840	9840.5	9841	49	9385	10771	429	375	47	27	25	17	10	1	37	29	22	20	12759247
20150918	2	12995279	0	3314718	1	GEZ7	9839	9838.5	9838	9837.5	9837	14058	17112	480	405	211	9839.5	9840	9840.5	9841	9841.5	119	28753	10895	407	356	44	31	26	21	12	4	39	29	20	18	12995236
20150918	2	12995329	0	3314740	1	GEZ7	9839	9838.5	9838	9837.5	9837	14095	17139	480	405	211	9839.5	9840	9840.5	9841	9841.5	114	28753	10895	407	356	44	31	26	21	12	4	39	29	20	18	12995280
20150918	2	12995379	0	3314776	1	GEZ7	9839	9838.5	9838	9837.5	9837	14096	17139	480	405	211	9839.5	9840	9840.5	9841	9841.5	109	28753	10895	407	356	45	31	26	21	12	4	39	29	20	18	12995331
20150918	2	12995429	0	3314819	1	GEZ7	9839	9838.5	9838	9837.5	9837	14097	17089	480	405	211	9839.5	9840	9840.5	9841	9841.5	104	28753	10895	407	356	46	31	26	21	12	4	39	29	20	18	12995383
20150918	2	12996379	0	3315146	1	GEZ7	9839	9838.5	9838	9837.5	9837	13529	18001	480	405	211	9839.5	9840	9840.5	9841	9841.5	99	27518	11148	407	356	47	31	26	21	12	3	39	29	20	18	12996231
20150918	2	13002329	0	3318002	1	GEZ7	9839	9838.5	9838	9837.5	9837	14004	15484	480	405	211	9839.5	9840	9840.5	9841	9841.5	125	28456	11193	407	356	46	31	26	21	12	4	39	29	20	18	13002232
20150918	2	13008130	0	3321411	1	GEZ7	9839	9838.5	9838	9837.5	9837	15195	13766	480	405	211	9839.5	9840	9840.5	9841	9841.5	80	20268	8737	407	366	47	30	26	21	12	1	39	29	20	19	13008083
20150918	2	13008979	0	3322051	1	GEZ7	9839	9838.5	9838	9837.5	9837	15924	13336	480	405	211	9839.5	9840	9840.5	9841	9841.5	28	17978	10192	408	366	47	30	26	21	12	1	39	29	21	19	13008932
20150918	2	13009029	0	3322140	1	GEZ7	9839	9838.5	9838	9837.5	9837	17489	13499	473	383	211	9839.5	9840	9840.5	9841	9841.5	5	17185	10168	408	366	46	29	25	19	12	1	39	29	21	19	13008981
20150918	2	13041029	0	3332597	1	GEZ7	9839.5	9839	9838.5	9838	9837.5	15	22939	12778	472	383	9840	9840.5	9841	9841.5	9842	29488	9760	493	366	333	1	48	28	24	19	46	31	25	19	18	13040832
20150918	2	13117679	0	3362616	1	GEZ7	9839	9838.5	9838	9837.5	9837	16240	16727	480	383	196	9839.5	9840	9840.5	9841	9841.5	64	30578	8055	437	349	50	32	27	19	11	6	43	28	22	17	13117635
20150918	2	13118279	0	3362955	1	GEZ7	9839	9838.5	9838	9837.5	9837	16917	16695	480	383	196	9839.5	9840	9840.5	9841	9841.5	54	29750	8124	437	359	50	32	27	19	11	5	43	28	22	18	13118240
20150918	2	13187079	0	3383213	1	GEZ7	9839	9838.5	9838	9837.5	9837	19561	16742	480	383	196	9839.5	9840	9840.5	9841	9841.5	27	26931	9042	437	366	50	32	27	19	11	3	43	28	22	19	13187031
20150918	2	13187829	0	3383501	1	GEZ7	9839	9838.5	9838	9837.5	9837	19270	16733	477	383	196	9840	9840.5	9841	9841.5	9842	29890	8948	493	366	333	52	31	25	19	11	44	30	25	19	18	13187786
20150918	2	13209300	0	3391643	1	GEZ7	9839.5	9839	9838.5	9838	9837.5	35	25741	18364	472	383	9840	9840.5	9841	9841.5	9842	28372	10211	493	366	333	2	48	31	24	19	46	31	25	19	18	13209236
20150918	2	13545929	0	3483210	1	GEZ7	9839.5	9839	9838.5	9838	9837.5	11687	23948	434	297	204	9840	9840.5	9841	9841.5	9842	225	30586	413	313	324	43	36	24	17	11	7	38	21	16	15	13545883
20150918	2	13575279	0	3492199	1	GEZ7	9839.5	9839	9838.5	9838	9837.5	16523	25772	434	297	204	9840	9840.5	9841	9841.5	9842	12	22444	492	313	331	44	35	24	17	11	2	37	22	16	16	13575238
20150918	2	13593029	0	3499841	1	GEZ7	9840	9839.5	9839	9838.5	9838	27	20324	20036	427	292	9840.5	9841	9841.5	9842	9842.5	19268	28040	399	331	812	2	43	31	21	16	45	25	21	16	13	13592932
20150918	2	13808744	0	3580394	1	GEZ7	9840	9839.5	9839	9838.5	9838	391	24448	10652	379	189	9840.5	9841	9841.5	9842	9842.5	10793	25918	395	331	816	13	41	30	20	12	44	29	20	16	14	13808683
20150918	2	13840530	0	3593203	1	GEZ7	9840	9839.5	9839	9838.5	9838	51	22949	14330	379	269	9840.5	9841	9841.5	9842	9842.5	15954	22142	395	331	816	3	39	32	20	15	45	27	20	16	14	13840530
20150918	2	13843585	0	3594792	1	GEZ7	9840	9839.5	9839	9838.5	9838	33	23207	534	379	269	9840.5	9841	9841.5	9842	9842.5	18299	25174	399	331	812	1	40	32	20	15	46	26	21	16	13	13843536
20150918	2	13844229	0	3595269	1	GEZ7	9839.5	9839	9838.5	9838	9837.5	21603	12308	435	269	204	9840.5	9841	9841.5	9842	9842.5	20701	21809	399	324	812	43	33	23	15	11	50	24	21	15	13	13844081
20150918	2	13847029	0	3597032	1	GEZ7	9839.5	9839	9838.5	9838	9837.5	20884	13727	435	269	204	9840	9840.5	9841	9841.5	9842	26	17658	19360	399	331	43	34	23	15	11	2	50	21	21	16	13846982
20150918	2	13848129	0	3598005	1	GEZ7	9839.5	9839	9838.5	9838	9837.5	19487	14389	435	269	204	9840	9840.5	9841	9841.5	9842	24	17555	19340	399	331	41	35	23	15	11	1	50	21	21	16	13848085
20150918	2	13852429	0	3600395	1	GEZ7	9840	9839.5	9839	9838.5	9838	30	23710	14079	434	269	9840.5	9841	9841.5	9842	9842.5	16886	25298	395	331	816	2	41	32	22	15	45	26	20	16	14	13852135
20150918	2	13852479	0	3600409	1	GEZ7	9839.5	9839	9838.5	9838	9837.5	24055	14213	434	259	204	9840	9840.5	9841	9841.5	9842	110	11578	19588	395	331	41	33	22	14	11	1	45	24	20	16	13852430
20150918	2	13852729	0	3600692	1	GEZ7	9839.5	9839	9838.5	9838	9837.5	23756	14183	435	252	204	9840	9840.5	9841	9841.5	9842	103	11746	19462	395	331	41	33	23	13	11	1	45	24	20	16	13852681
20150918	2	13853979	0	3601304	1	GEZ7	9839.5	9839	9838.5	9838	9837.5	24203	15115	435	269	204	9840	9840.5	9841	9841.5	9842	68	14262	19318	395	331	42	33	23	15	11	1	46	24	20	16	13853935
20150918	2	13860830	0	3605815	1	GEZ7	9839.5	9839	9838.5	9838	9837.5	17706	13504	435	269	204	9840	9840.5	9841	9841.5	9842	108	19112	19561	398	314	42	34	23	15	11	7	49	21	20	14	13860733
20150918	2	13877881	0	3614706	1	GEZ7	9839.5	9839	9838.5	9838	9837.5	24890	13277	435	269	204	9840	9840.5	9841	9841.5	9842	2	16933	19522	395	331	43	33	23	15	11	1	47	23	20	16	13877881
20150918	2	13878979	0	3615263	1	GEZ7	9839.5	9839	9838.5	9838	9837.5	20475	15737	435	269	204	9840	9840.5	9841	9841.5	9842	2	15021	23096	395	331	42	33	23	15	11	1	47	23	20	16	13878932
20150918	2	13897629	0	3623422	1	GEZ7	9840	9839.5	9839	9838.5	9838	8	27362	14941	394	269	9840.5	9841	9841.5	9842	9842.5	13749	28806	395	331	816	2	42	32	21	15	47	26	20	16	14	13897581
20150918	2	13901329	0	3625589	1	GEZ7	9839.5	9839	9838.5	9838	9837.5	23737	12740	435	269	204	9840	9840.5	9841	9841.5	9842	142	14947	20968	395	331	42	33	23	15	11	1	48	23	20	16	13901282
20150918	2	13913979	0	3631456	1	GEZ7	9839.5	9839	9838.5	9838	9837.5	20941	12909	435	269	204	9840	9840.5	9841	9841.5	9842	138	14794	20871	395	331	44	32	23	15	11	1	44	24	20	16	13913681
20150918	2	13914029	0	3631602	1	GEZ7	9839.5	9839	9838.5	9838	9837.5	20937	12995	435	269	204	9840	9840.5	9841	9841.5	9842	113	14556	20983	395	331	44	32	23	15	11	1	44	24	20	16	13913989
20150918	2	13922779	0	3634827	1	GEZ7	9839.5	9839	9838.5	9838	9837.5	23255	12823	435	269	204	9840	9840.5	9841	9841.5	9842	101	14912	20829	395	331	44	32	23	15	11	1	43	24	20	16	13922331
20150918	2	13956829	0	3647253	1	GEZ7	9839.5	9839	9838.5	9838	9837.5	20345	11606	435	269	204	9840	9840.5	9841	9841.5	9842	86	16981	20522	395	331	43	32	23	15	11	1	43	24	20	16	13956732
20150918	2	13975829	0	3655259	1	GEZ7	9840	9839.5	9839	9838.5	9838	17	29262	9823	434	269	9840.5	9841	9841.5	9842	9842.5	19956	21154	399	331	812	2	42	32	22	15	49	24	21	16	13	13975683
20150918	2	13980279	0	3657274	1	GEZ7	9839.5	9839	9838.5	9838	9837.5	29241	14676	436	269	208	9840	9840.5	9841	9841.5	9842	93	17602	21039	399	331	40	35	23	15	12	2	50	21	21	16	13980235
20150918	2	14012429	0	3667311	1	GEZ7	9839.5	9839	9838.5	9838	9837.5	23035	15934	435	269	204	9840	9840.5	9841	9841.5	9842	36	14423	19974	398	331	45	32	23	15	11	2	48	23	20	16	14012380
20150918	2	14035179	0	3676604	1	GEZ7	9839.5	9839	9838.5	9838	9837.5	25714	18666	435	269	204	9840	9840.5	9841	9841.5	9842	5	19354	19492	398	331	41	34	23	15	11	1	48	23	20	16	14035131
20150918	2	14035429	0	3676821	1	GEZ7	9839.5	9839	9838.5	9838	9837.5	26090	18626	435	269	204	9840	9840.5	9841	9841.5	9842	3	19270	19522	398	331	44	32	23	15	11	1	48	23	20	16	14035386
20150918	2	14072579	0	3684483	1	GEZ7	9840	9839.5	9839	9838.5	9838	1	21286	18426	434	269	9840.5	9841	9841.5	9842	9842.5	14659	19995	399	331	822	1	41	34	22	15	48	24	21	16	15	14072540
20150918	2	14104879	0	3696372	1	GEZ7	9840	9839.5	9839	9838.5	9838	10	25405	16866	434	269	9840.5	9841	9841.5	9842	9842.5	22648	19894	399	331	822	1	43	32	22	15	49	24	21	16	15	14104281
20150918	2	14390179	0	3752521	1	GEZ7	9840	9839.5	9839	9838.5	9838	233	18261	440	419	182	9840.5	9841	9841.5	9842	9842.5	8962	25675	395	331	816	9	44	30	21	11	41	30	20	16	14	14390135
20150918	2	14390379	0	3752778	1	GEZ7	9840	9839.5	9839	9838.5	9838	205	18259	440	419	192	9840.5	9841	9841.5	9842	9842.5	10831	26739	395	331	816	8	43	30	21	12	41	30	20	16	14	14390332
20150918	2	14470786	0	3786526	1	GEZ7	9840	9839.5	9839	9838.5	9838	4855	25018	411	375	178	9840.5	9841	9841.5	9842	9842.5	318	28565	6833	331	814	42	33	28	19	10	16	36	23	16	13	14470753
20150918	2	14471479	0	3787354	1	GEZ7	9840	9839.5	9839	9838.5	9838	5477	27990	408	375	178	9840.5	9841	9841.5	9842	9842.5	276	26239	7232	331	814	40	33	27	19	10	14	36	23	16	13	14471383
20150918	2	14514979	0	3795692	1	GEZ7	9840	9839.5	9839	9838.5	9838	11472	28324	408	375	178	9840.5	9841	9841.5	9842	9842.5	534	36940	8708	331	844	43	32	27	19	10	14	36	23	16	14	14513482
20150918	2	14532279	0	3798719	1	GEZ7	9840	9839.5	9839	9838.5	9838	12716	31736	408	375	178	9840.5	9841	9841.5	9842	9842.5	227	36262	8500	331	844	43	32	27	19	10	14	36	23	16	14	14532182
20150918	2	14637113	0	3829743	1	GEZ7	9840	9839.5	9839	9838.5	9838	24252	22116	404	379	182	9840.5	9841	9841.5	9842	9842.5	171	24469	6695	336	889	40	32	26	20	11	7	37	24	17	16	14637032
20150918	2	14641029	0	3831919	1	GEZ7	9840.5	9840	9839.5	9839	9838.5	7	22691	17178	407	369	9841	9841.5	9842	9842.5	9843	24193	8211	417	906	232	2	41	30	26	17	46	27	21	18	12	14640882
20150918	2	14687279	0	3846545	1	GEZ7	9840	9839.5	9839	9838.5	9838	17261	26608	408	369	178	9840.5	9841	9841.5	9842	9842.5	159	32181	436	416	889	40	31	27	17	10	9	42	24	20	16	14687235
20150918	2	14763798	0	3870502	1	GEZ7	9840	9839.5	9839	9838.5	9838	9759	20649	404	373	182	9840.5	9841	9841.5	9842	9842.5	1154	28997	440	366	819	32	35	26	18	11	21	42	25	19	14	14763798
20150918	2	15144531	0	3996836	1	GEZ7	9840	9839.5	9839	9838.5	9838	5306	33259	404	373	182	9840.5	9841	9841.5	9842	9842.5	826	32405	445	366	819	36	32	26	18	11	25	35	26	19	14	15144508
20150918	2	15179032	0	4004844	1	GEZ7	9840	9839.5	9839	9838.5	9838	7374	33632	404	373	182	9840.5	9841	9841.5	9842	9842.5	1791	35444	440	366	819	38	30	26	18	11	28	36	25	19	14	15178834
20150918	2	15260183	0	4018847	1	GEZ7	9840	9839.5	9839	9838.5	9838	6056	32533	404	373	182	9840.5	9841	9841.5	9842	9842.5	2244	31701	416	366	829	36	31	26	18	11	32	34	24	19	15	15260147
20150918	2	15276782	0	4025533	1	GEZ7	9840	9839.5	9839	9838.5	9838	15119	27801	408	369	178	9840.5	9841	9841.5	9842	9842.5	104	24429	441	361	899	42	31	27	17	10	2	40	25	18	17	15276734
20150918	2	15279883	0	4027346	1	GEZ7	9840	9839.5	9839	9838.5	9838	15219	27976	408	369	178	9840.5	9841	9841.5	9842	9842.5	97	24710	441	361	906	41	32	27	17	10	1	40	25	18	18	15279685
20150918	2	15291883	0	4031501	1	GEZ7	9840	9839.5	9839	9838.5	9838	12286	27299	408	369	178	9840.5	9841	9841.5	9842	9842.5	7	26160	441	361	906	41	31	27	17	10	43	25	18	18	11	15291535
20150918	2	15328533	0	4044472	1	GEZ7	9840.5	9840	9839.5	9839	9838.5	163	25015	421	392	297	9841	9841.5	9842	9842.5	9843	18944	16994	418	906	231	11	45	28	25	13	42	30	21	18	12	15326985
20150918	2	15328534	0	4044472	1	GEZ7	9840.5	9840	9839.5	9839	9838.5	163	25015	421	392	297	9841	9841.5	9842	9842.5	9843	18944	16994	418	906	231	11	45	28	25	13	42	30	21	18	12	15326985
20150918	2	15334549	0	4046558	1	GEZ7	9840.5	9840	9839.5	9839	9838.5	2	22114	11225	392	314	9841	9841.5	9842	9842.5	9843	20158	14171	422	906	232	1	44	30	25	15	46	26	22	18	12	15334457
20150918	2	15534361	0	4108101	1	GEZ7	9840	9839.5	9839	9838.5	9838	11068	28603	404	318	182	9840.5	9841	9841.5	9842	9842.5	889	40966	8803	366	819	44	35	26	16	11	22	38	25	19	14	15534290
20150918	2	15563938	0	4124422	1	GEZ7	9840	9839.5	9839	9838.5	9838	45	24189	530	358	259	9840.5	9841	9841.5	9842	9842.5	18341	26822	420	366	812	5	38	32	17	14	43	29	25	19	13	15563896
20150918	2	15574087	0	4129624	1	GEZ7	9840	9839.5	9839	9838.5	9838	3	23084	541	358	269	9840.5	9841	9841.5	9842	9842.5	21328	19377	415	366	812	38	33	17	15	10	45	28	24	19	13	15574041
20150918	2	15574088	0	4129624	1	GEZ7	9840	9839.5	9839	9838.5	9838	3	23084	541	358	269	9840.5	9841	9841.5	9842	9842.5	21328	19377	415	366	812	38	33	17	15	10	45	28	24	19	13	15574041
20150918	2	15574887	0	4130801	1	GEZ7	9839.5	9839	9838.5	9838	9837.5	13112	13060	429	269	194	9840	9840.5	9841	9841.5	9842	32	21920	16494	415	359	40	35	21	15	10	3	45	25	24	18	15574842
20150918	2	15637037	0	4155204	1	GEZ7	9840	9839.5	9839	9838.5	9838	22	23214	8714	429	259	9840.5	9841	9841.5	9842	9842.5	18248	13126	415	366	812	3	42	32	21	14	39	26	24	19	13	15637017
20150918	2	15687093	0	4185765	1	GEZ7	9840	9839.5	9839	9838.5	9838	9020	19891	422	369	178	9840.5	9841	9841.5	9842	9842.5	1399	28321	441	361	829	47	36	29	17	10	17	37	25	18	15	15686993
20150918	2	15687162	0	4185911	1	GEZ7	9840	9839.5	9839	9838.5	9838	9806	18049	422	369	178	9840.5	9841	9841.5	9842	9842.5	506	25948	602	361	829	47	37	29	17	10	10	34	28	18	15	15687104
20150918	2	15687189	0	4186016	1	GEZ7	9840	9839.5	9839	9838.5	9838	10532	17980	422	369	178	9840.5	9841	9841.5	9842	9842.5	55	24986	535	362	899	51	34	29	17	10	3	36	26	18	17	15687171
20150918	2	15687239	0	4186140	1	GEZ7	9840	9839.5	9839	9838.5	9838	10543	17992	422	369	178	9840.5	9841	9841.5	9842	9842.5	53	24713	535	362	899	51	34	29	17	10	3	36	26	18	17	15687197
20150918	2	15687289	0	4186265	1	GEZ7	9840	9839.5	9839	9838.5	9838	10720	18289	422	369	178	9840.5	9841	9841.5	9842	9842.5	52	24585	456	362	899	52	33	29	17	10	2	37	25	18	17	15687247
20150918	2	15687339	0	4186391	1	GEZ7	9840	9839.5	9839	9838.5	9838	10041	18198	422	369	178	9840.5	9841	9841.5	9842	9842.5	51	24933	456	362	899	52	33	29	17	10	2	37	25	18	17	15687299
20150918	2	15821669	0	4233670	1	GEZ7	9840	9839.5	9839	9838.5	9838	13324	25767	429	369	178	9840.5	9841	9841.5	9842	9842.5	896	34436	441	361	829	49	36	31	17	10	12	38	25	18	15	15821599
20150918	2	15821756	0	4233775	1	GEZ7	9840	9839.5	9839	9838.5	9838	16054	21734	428	369	178	9840.5	9841	9841.5	9842	9842.5	11	27695	9611	361	899	49	35	30	17	10	1	40	25	18	17	15821680
20150918	2	15916692	0	4264740	1	GEZ7	9840.5	9840	9839.5	9839	9838.5	205	19931	506	331	322	9841	9841.5	9842	9842.5	9843	20348	17789	361	890	231	10	43	29	24	13	44	24	18	17	12	15916043
20150918	2	15950192	0	4274094	1	GEZ7	9840.5	9840	9839.5	9839	9838.5	225	20810	506	331	322	9841	9841.5	9842	9842.5	9843	20599	16670	361	890	231	8	43	29	24	13	43	25	18	17	12	15947443
20150918	2	15956942	0	4277859	1	GEZ7	9840.5	9840	9839.5	9839	9838.5	210	21896	427	331	322	9841	9841.5	9842	9842.5	9843	20445	16388	361	890	231	9	44	28	24	13	43	25	18	17	12	15956843
20150918	2	16153244	0	4336327	1	GEZ7	9840.5	9840	9839.5	9839	9838.5	405	25592	359	327	295	9841	9841.5	9842	9842.5	9843	22150	16458	366	890	229	14	47	24	23	13	41	28	19	17	11	16152246
20150918	2	16241745	0	4364446	1	GEZ7	9840.5	9840	9839.5	9839	9838.5	131	21112	361	327	325	9841	9841.5	9842	9842.5	9843	22412	19300	361	890	231	11	46	24	23	14	47	25	18	17	12	16241697
20150918	2	16243295	0	4365374	1	GEZ7	9840.5	9840	9839.5	9839	9838.5	90	20318	17455	327	325	9841	9841.5	9842	9842.5	9843	22899	19817	361	890	231	8	46	25	23	14	47	25	18	17	12	16243102
20150918	2	16243745	0	4365830	1	GEZ7	9840	9839.5	9839	9838.5	9838	16858	16939	373	325	178	9840.5	9841	9841.5	9842	9842.5	64	19549	10284	361	890	48	27	26	14	10	2	45	23	18	17	16243553
20150918	2	16345696	0	4407852	1	GEZ7	9840	9839.5	9839	9838.5	9838	161	28461	399	329	222	9840.5	9841	9841.5	9842	9842.5	10141	38814	359	320	819	15	40	28	15	12	37	32	21	16	14	16345548
